@article{Jezo:2018yaf,
      author         = "Ježo, Tomáš and Lindert, Jonas M. and Moretti, Niccolo
                        and Pozzorini, Stefano",
      title          = "{New NLOPS predictions for $\boldsymbol{t \bar{t} +b}$
                        -jet production at the LHC}",
      journal        = "Eur. Phys. J.",
      volume         = "C78",
      year           = "2018",
      number         = "6",
      pages          = "502",
      doi            = "10.1140/epjc/s10052-018-5956-0",
      eprint         = "1802.00426",
      archivePrefix  = "arXiv",
      primaryClass   = "hep-ph",
      reportNumber   = "IPPP-18-7, ZU-TH-6-18",
      SLACcitation   = "%%CITATION = ARXIV:1802.00426;%%"
}
@article{Frixione:2007zp,
      author         = "Frixione, Stefano and Laenen, Eric and Motylinski,
                        Patrick and Webber, Bryan R.",
      title          = "{Angular correlations of lepton pairs from vector boson
                        and top quark decays in Monte Carlo simulations}",
      journal        = "JHEP",
      volume         = "04",
      year           = "2007",
      pages          = "081",
      doi            = "10.1088/1126-6708/2007/04/081",
      eprint         = "hep-ph/0702198",
      archivePrefix  = "arXiv",
      primaryClass   = "HEP-PH",
      reportNumber   = "CAVENDISH-HEP-07-01, GEF-TH-09-2007, ITP-UU-07-10,
                        NIKHEF-2007-004",
      SLACcitation   = "%%CITATION = HEP-PH/0702198;%%"
}
@article{Aaboud:2017jcu,
      author         = "Aaboud, M. and others",
      title          = "{Jet energy scale measurements and their systematic
                        uncertainties in proton-proton collisions at $\sqrt{s} =
                        13$ TeV with the ATLAS detector}",
      collaboration  = "ATLAS",
      journal        = "Phys. Rev.",
      volume         = "D96",
      year           = "2017",
      number         = "7",
      pages          = "072002",
      doi            = "10.1103/PhysRevD.96.072002",
      eprint         = "1703.09665",
      archivePrefix  = "arXiv",
      primaryClass   = "hep-ex",
      reportNumber   = "CERN-EP-2017-038",
      SLACcitation   = "%%CITATION = ARXIV:1703.09665;%%"
}
@article{Cacciari:2008gn,
      author         = "Cacciari, Matteo and Salam, Gavin P. and Soyez, Gregory",
      title          = "{The Catchment Area of Jets}",
      journal        = "JHEP",
      volume         = "04",
      year           = "2008",
      pages          = "005",
      doi            = "10.1088/1126-6708/2008/04/005",
      eprint         = "0802.1188",
      archivePrefix  = "arXiv",
      primaryClass   = "hep-ph",
      reportNumber   = "LPTHE-07-02",
      SLACcitation   = "%%CITATION = ARXIV:0802.1188;%%"
}
@article{Gleisberg:2008ta,
      author         = "Gleisberg, T. and Hoeche, Stefan. and Krauss, F. and
                        Schonherr, M. and Schumann, S. and Siegert, F. and Winter,
                        J.",
      title          = "{Event generation with SHERPA 1.1}",
      journal        = "JHEP",
      volume         = "02",
      year           = "2009",
      pages          = "007",
      doi            = "10.1088/1126-6708/2009/02/007",
      eprint         = "0811.4622",
      archivePrefix  = "arXiv",
      primaryClass   = "hep-ph",
      reportNumber   = "FERMILAB-PUB-08-477-T, SLAC-PUB-13420, ZU-TH-17-08,
                        DCPT-08-138, IPPP-08-69, EDINBURGH-2008-30, MCNET-08-14",
      SLACcitation   = "%%CITATION = ARXIV:0811.4622;%%"
}
@article{Hoeche:2012yf,
      author         = "Hoeche, Stefan and Krauss, Frank and Schonherr, Marek and
                        Siegert, Frank",
      title          = "{QCD matrix elements + parton showers: The NLO case}",
      journal        = "JHEP",
      volume         = "04",
      year           = "2013",
      pages          = "027",
      doi            = "10.1007/JHEP04(2013)027",
      eprint         = "1207.5030",
      archivePrefix  = "arXiv",
      primaryClass   = "hep-ph",
      reportNumber   = "SLAC-PUB-15191, IPPP-12-52, DCPT-12-104, LPN12-081,
                        MCNET-12-09, FR-PHENO-2012-017",
      SLACcitation   = "%%CITATION = ARXIV:1207.5030;%%"
}
@article{LANGE2001152,
title = "The EvtGen particle decay simulation package",
journal = "Nuclear Instruments and Methods in Physics Research Section A: Accelerators, Spectrometers, Detectors and Associated Equipment",
volume = "462",
number = "1",
pages = "152 - 155",
year = "2001",
note = "BEAUTY2000, Proceedings of the 7th Int. Conf. on B-Physics at Hadron Machines",
issn = "0168-9002",
doi = "https://doi.org/10.1016/S0168-9002(01)00089-4",
url = "http://www.sciencedirect.com/science/article/pii/S0168900201000894",
author = "David J. Lange",
keywords = "Monte Carlo, Event generator",
abstract = "With several new B-physics experiments now taking data, the physics of B-meson decays will be studied in greater detail than previously possible. It is important to have a simulation of the underlying physics processes that is able to accurately describe this data. The EvtGen package provides a framework for the implementation of physics processes relevant to decays of B mesons and other resonances. Models of time dependent CP asymmetries in neutral B meson decays, semileptonic form-factor models, and a full decay table for B decays are a few of the implemented features."
}
@article{Nason:2004rx,
      author         = "Nason, Paolo",
      title          = "{A New method for combining NLO QCD with shower Monte
                        Carlo algorithms}",
      journal        = "JHEP",
      volume         = "11",
      year           = "2004",
      pages          = "040",
      doi            = "10.1088/1126-6708/2004/11/040",
      eprint         = "hep-ph/0409146",
      archivePrefix  = "arXiv",
      primaryClass   = "hep-ph",
      reportNumber   = "BICOCCA-FT-04-11",
      SLACcitation   = "%%CITATION = HEP-PH/0409146;%%"
}
@article{Frixione:2007vw,
      author         = "Frixione, Stefano and Nason, Paolo and Oleari, Carlo",
      title          = "{Matching NLO QCD computations with Parton Shower
                        simulations: the POWHEG method}",
      journal        = "JHEP",
      volume         = "11",
      year           = "2007",
      pages          = "070",
      doi            = "10.1088/1126-6708/2007/11/070",
      eprint         = "0709.2092",
      archivePrefix  = "arXiv",
      primaryClass   = "hep-ph",
      reportNumber   = "BICOCCA-FT-07-9, GEF-TH-21-2007",
      SLACcitation   = "%%CITATION = ARXIV:0709.2092;%%"
}
@article{Alioli:2010xd,
      author         = "Alioli, Simone and Nason, Paolo and Oleari, Carlo and Re,
                        Emanuele",
      title          = "{A general framework for implementing NLO calculations in
                        shower Monte Carlo programs: the POWHEG BOX}",
      journal        = "JHEP",
      volume         = "06",
      year           = "2010",
      pages          = "043",
      doi            = "10.1007/JHEP06(2010)043",
      eprint         = "1002.2581",
      archivePrefix  = "arXiv",
      primaryClass   = "hep-ph",
      reportNumber   = "DESY-10-018, SFB-CPP-10-22, IPPP-10-11, DCPT-10-22",
      SLACcitation   = "%%CITATION = ARXIV:1002.2581;%%"
}
@article{Campbell:2014kua,
      author         = "Campbell, John M. and Ellis, R. Keith and Nason, Paolo
                        and Re, Emanuele",
      title          = "{Top-Pair Production and Decay at NLO Matched with Parton
                        Showers}",
      journal        = "JHEP",
      volume         = "04",
      year           = "2015",
      pages          = "114",
      doi            = "10.1007/JHEP04(2015)114",
      eprint         = "1412.1828",
      archivePrefix  = "arXiv",
      primaryClass   = "hep-ph",
      reportNumber   = "FERMILAB-PUB-14-504-T, OUTP-14-17P",
      SLACcitation   = "%%CITATION = ARXIV:1412.1828;%%"
}
@article{Cascioli:2013era,
      author         = "Cascioli, Fabio and Maierhöfer, Philipp and Moretti,
                        Niccolo and Pozzorini, Stefano and Siegert, Frank",
      title          = "{NLO matching for $t\bar t b \bar b$ production with
                        massive $b$-quarks}",
      journal        = "Phys. Lett.",
      volume         = "B734",
      year           = "2014",
      pages          = "210-214",
      doi            = "10.1016/j.physletb.2014.05.040",
      eprint         = "1309.5912",
      archivePrefix  = "arXiv",
      primaryClass   = "hep-ph",
      reportNumber   = "ZU-TH-22-13, LPN13-062, FR-PHENO-2013-010",
      SLACcitation   = "%%CITATION = ARXIV:1309.5912;%%"
}
@article{Gleisberg:2008ta,
      author         = "Gleisberg, T. and Hoeche, Stefan. and Krauss, F. and
                        Schonherr, M. and Schumann, S. and Siegert, F. and Winter,
                        J.",
      title          = "{Event generation with SHERPA 1.1}",
      journal        = "JHEP",
      volume         = "02",
      year           = "2009",
      pages          = "007",
      doi            = "10.1088/1126-6708/2009/02/007",
      eprint         = "0811.4622",
      archivePrefix  = "arXiv",
      primaryClass   = "hep-ph",
      reportNumber   = "FERMILAB-PUB-08-477-T, SLAC-PUB-13420, ZU-TH-17-08,
                        DCPT-08-138, IPPP-08-69, EDINBURGH-2008-30, MCNET-08-14",
      SLACcitation   = "%%CITATION = ARXIV:0811.4622;%%"
}
@article{Cascioli:2011va,
      author         = "Cascioli, Fabio and Maierhofer, Philipp and Pozzorini,
                        Stefano",
      title          = "{Scattering Amplitudes with Open Loops}",
      journal        = "Phys. Rev. Lett.",
      volume         = "108",
      year           = "2012",
      pages          = "111601",
      doi            = "10.1103/PhysRevLett.108.111601",
      eprint         = "1111.5206",
      archivePrefix  = "arXiv",
      primaryClass   = "hep-ph",
      reportNumber   = "ZU-TH-23-11, LPN11-66",
      SLACcitation   = "%%CITATION = ARXIV:1111.5206;%%"
}
@article{Guzzi:2011sv,
      author         = "Guzzi, Marco and Nadolsky, Pavel and Berger, Edmond and
                        Lai, Hung-Liang and Olness, Fredrick and Yuan, C. -P.",
      title          = "{CT10 parton distributions and other developments in the
                        global QCD analysis}",
      year           = "2011",
      eprint         = "1101.0561",
      archivePrefix  = "arXiv",
      primaryClass   = "hep-ph",
      reportNumber   = "SMU-HEP-10-11",
      SLACcitation   = "%%CITATION = ARXIV:1101.0561;%%"
}
@article{Gao:2013xoa,
      author         = "Gao, Jun and Guzzi, Marco and Huston, Joey and Lai,
                        Hung-Liang and Li, Zhao and Nadolsky, Pavel and Pumplin,
                        Jon and Stump, Daniel and Yuan, C. -P.",
      title          = "{CT10 next-to-next-to-leading order global analysis of
                        QCD}",
      journal        = "Phys. Rev.",
      volume         = "D89",
      year           = "2014",
      number         = "3",
      pages          = "033009",
      doi            = "10.1103/PhysRevD.89.033009",
      eprint         = "1302.6246",
      archivePrefix  = "arXiv",
      primaryClass   = "hep-ph",
      reportNumber   = "SMU-HEP-12-23",
      SLACcitation   = "%%CITATION = ARXIV:1302.6246;%%"
}
@article{PhysRevD.78.014026,
  title = {A simple shower and matching algorithm},
  author = {Giele, W. T. and Kosower, D. A. and Skands, P. Z.},
  journal = {Phys. Rev. D},
  volume = {78},
  issue = {1},
  pages = {014026},
  numpages = {22},
  year = {2008},
  month = {Jul},
  publisher = {American Physical Society},
  doi = {10.1103/PhysRevD.78.014026},
  url = {https://link.aps.org/doi/10.1103/PhysRevD.78.014026}
}
@misc{gleisberg2008comix,
    title={Comix, a new matrix element generator},
    author={Tanju Gleisberg and Stefan Hoeche},
    year={2008},
    eprint={0808.3674},
    archivePrefix={arXiv},
    primaryClass={hep-ph}
}
@misc{schumann2007parton,
    title={A parton shower algorithm based on Catani-Seymour dipole factorisation},
    author={Steffen Schumann and Frank Krauss},
    year={2007},
    eprint={0709.1027},
    archivePrefix={arXiv},
    primaryClass={hep-ph}
}
