
%%%%%%%%%%%%%%%%%%%%%%%%%%%%%%%%%%%
% Introduction
%%%%%%%%%%%%%%%%%%%%%%%%%%%%%%%%%%%

@Article{EGAM-2018-01,
    author         = "{ATLAS Collaboration}",
    title          = "{Electron and photon performance measurements with the ATLAS detector using the 2015--2017 LHC proton-proton collision data}",
    journal        = "submitted to JINST",
    year           = "2009",
    primaryClass   = "hep-ex",
    archivePrefix  = "arXiv",
    eprint         = "1908.00005"
}

@article{Aaboud:2019njj,
      xauthor         = "Aaboud, Morad and others",
      title          = "{Measurement of the $t\bar{t}Z$ and $t\bar{t}W$ cross
                        sections in proton-proton collisions at $\sqrt{s}=13$ TeV
                        with the ATLAS detector}",
      author  = "{ATLAS Collaboration}",
      journal        = "Phys. Rev. D",
      volume         = "99",
      year           = "2019",
      pages          = "072009",
      doi            = "10.1103/PhysRevD.99.072009",
      eprint         = "1901.03584",
      archivePrefix  = "arXiv",
      primaryClass   = "hep-ex",
      reportNumber   = "CERN-EP-2018-331",
      SLACcitation   = "%%CITATION = ARXIV:1901.03584;%%"
}

@article{Aaboud:2017jvq,
      xauthor         = "Aaboud, Morad and others",
      title          = "{Evidence for the associated production of the Higgs
                        boson and a top quark pair with the ATLAS detector}",
      author  = "{ATLAS Collaboration}",
      journal        = "Phys. Rev. D",
      volume         = "97",
      year           = "2018",
      pages          = "072003",
      doi            = "10.1103/PhysRevD.97.072003",
      eprint         = "1712.08891",
      archivePrefix  = "arXiv",
      primaryClass   = "hep-ex",
      reportNumber   = "CERN-EP-2017-281",
      SLACcitation   = "%%CITATION = ARXIV:1712.08891;%%"
}


%%%%%%%%%%%%%%%%%%%%%%%%%%%%%%%%%%%
% ATLAS detector
%%%%%%%%%%%%%%%%%%%%%%%%%%%%%%%%%%%

@article{IBL,
  author  = "Capeans, Mar and others",
  title          = "{ATLAS Insertable B-Layer Technical Design Report}",
  journal = "{ATLAS-TDR-19}",
  year = "2010",
  note ="\url{https://cds.cern.ch/record/1291633}",
}

@article{Aaboud:2016leb,
      xauthor         = "Aaboud, Morad and others",
      title          = "{Performance of the ATLAS trigger system in 2015}",
      author  = "{ATLAS Collaboration}",
      journal        = "Eur. Phys. J. C",
      volume         = "77",
      year           = "2017",
      pages          = "317",
      doi            = "10.1140/epjc/s10052-017-4852-3",
      eprint         = "1611.09661",
      archivePrefix  = "arXiv",
      primaryClass   = "hep-ex",
      reportNumber   = "CERN-EP-2016-241",
      SLACcitation   = "%%CITATION = ARXIV:1611.09661;%%"
}

@article{ATLAS-CONF-2019-021,
      author = "{ATLAS Collaboration}",
      title         = "{Luminosity determination in $pp$ collisions at $\sqrt{s}=13~\tev$ using the ATLAS detector at the LHC}",
      institution   = "CERN",
      address       = "Geneva",
      number        = "ATLAS-CONF-2019-021",
      month         = "Jun",
      year          = "2019",
      note  = "ATLAS-CONF-2019-021",
      url           = "https://cds.cern.ch/record/2677054",
}

@article{LUCID2,
  author={G. Avoni and others},
  title={The new LUCID-2 detector for luminosity measurement and monitoring in ATLAS},
  journal={JINST},
  volume={13},
  number={07},
  pages={P07017},
  doi="10.1088/1748-0221/13/07/P07017",
  year={2018},
}

%%%%%%%%%%%%%%%%%%%%%%%%%%%%%%%%%%%
% Statistical model
%%%%%%%%%%%%%%%%%%%%%%%%%%%%%%%%%%%

@article{Barlow:1993dm,
      author         = "Barlow, Roger J. and Beeston, Christine",
      title          = "{Fitting using finite Monte Carlo samples}",
      journal        = "Comput. Phys. Commun.",
      volume         = "77",
      year           = "1993",
      pages          = "219",
      doi            = "10.1016/0010-4655(93)90005-W",
      reportNumber   = "MAN-HEP-93-1",
      SLACcitation   = "%%CITATION = CPHCB,77,219;%%"
}

@article{Verkerke:2003ir,
      author         = "Verkerke, Wouter and Kirkby, David P.",
      title          = "{The RooFit toolkit for data modeling}",
      journal        = "eConf",
      volume         = "C0303241",
      pages          = "MOLT007",
      year           = "2003",
      eprint         = "physics/0306116",
      archivePrefix  = "arXiv",
      primaryClass   = "physics.data-an",
      reportNumber   = "CHEP-2003-MOLT007",
      SLACcitation   = "%%CITATION = PHYSICS/0306116;%%",
}

@booklet{RooFitManual,
  author        = "Wouter Verkerke and David Kirkby",
  title         = "RooFit Users Manual",
  url = "http://roofit.sourceforge.net",
}

@article{Cowan:2010js,
      author         = "Cowan, Glen and Cranmer, Kyle and Gross, Eilam and
                        Vitells, Ofer",
      title          = "{Asymptotic formulae for likelihood-based tests of new
                        physics}",
      journal        = "Eur. Phys. J. C",
      volume         = "71",
      pages          = "1554",
      doi            = "10.1140/epjc/s10052-011-1554-0",
      note           = "Erratum: \href{http://dx.doi.org/10.1140/epjc/s10052-013-2501-z}{Eur. Phys. J. C \textbf{73} (2013) 2501}",
      year           = "2011",
      eprint         = "1007.1727",
      archivePrefix  = "arXiv",
      primaryClass   = "physics.data-an",
      SLACcitation   = "%%CITATION = ARXIV:1007.1727;%%",
}

%%%%%%%%%%%%%%%%%%%%%%%%%%%%%%%%%%%
% Bib from INT note
%%%%%%%%%%%%%%%%%%%%%%%%%%%%%%%%%%%

% Put you own bibliography entries in this file

%DataSetsAndSimulation

@article{Aad:2014kra,
      author         = "{ATLAS Collaboration}",
      title          = "{Search for top squark pair production in final states
                        with one isolated lepton, jets, and missing transverse
                        momentum in $\sqrt s =$8 TeV $pp$ collisions with the
                        ATLAS detector}",
      collaboration  = "ATLAS",
      journal        = "JHEP",
      volume         = "11",
      year           = "2014",
      pages          = "118",
      doi            = "10.1007/JHEP11(2014)118",
      eprint         = "1407.0583",
      archivePrefix  = "arXiv",
      primaryClass   = "hep-ex",
      reportNumber   = "CERN-PH-EP-2014-143",
      SLACcitation   = "%%CITATION = ARXIV:1407.0583;%%"
}
@article{Beenakker:2001rj,
      author         = "Beenakker, W. and Dittmaier, S. and Kramer, M. and
                        Plumper, B. and Spira, M. and Zerwas, P. M.",
      title          = "{Higgs radiation off top quarks at the Tevatron and the
                        LHC}",
      journal        = "Phys.~Rev.~Lett.",
      volume         = "87",
      year           = "2001",
      pages          = "201805",
      doi            = "10.1103/PhysRevLett.87.201805",
      eprint         = "hep-ph/0107081",
      archivePrefix  = "arXiv",
      primaryClass   = "hep-ph",
      reportNumber   = "DESY-01-077, EDINBURGH-2001-08, PSI-PR-01-10",
      SLACcitation   = "%%CITATION = HEP-PH/0107081;%%"
}
@article{Beenakker:2002nc,
      author         = "Beenakker, W. and Dittmaier, S. and Kramer, M. and
                        Plumper, B. and Spira, M. and Zerwas, P. M.",
      title          = "{NLO QCD corrections to t anti-t H production in hadron
                        collisions}",
      journal        = "Nucl.~Phys.~B",
      volume         = "653",
      year           = "2003",
      pages          = "151",
      doi            = "10.1016/S0550-3213(03)00044-0",
      eprint         = "hep-ph/0211352",
      archivePrefix  = "arXiv",
      primaryClass   = "hep-ph",
      reportNumber   = "DESY-02-177, EDINBURGH-2002-18, MPI-PHT-2002-70,
                        PSI-PR-02-22",
      SLACcitation   = "%%CITATION = HEP-PH/0211352;%%"
}
@article{Dawson:2002tg,
      author         = "Dawson, S. and Orr, L. H. and Reina, L. and Wackeroth,
                        D.",
      title          = "{Associated top quark Higgs boson production at the LHC}",
      journal        = "Phys.~Rev.~D",
      volume         = "67",
      year           = "2003",
      pages          = "071503",
      doi            = "10.1103/PhysRevD.67.071503",
      eprint         = "hep-ph/0211438",
      archivePrefix  = "arXiv",
      primaryClass   = "hep-ph",
      reportNumber   = "BNL-HET-02-27A, FSU-HEP-2002-1115, UB-HET-02-09",
      SLACcitation   = "%%CITATION = HEP-PH/0211438;%%"
}
@article{Dawson:2003zu,
      author         = "Dawson, S. and Jackson, C. and Orr, L. H. and Reina, L.
                        and Wackeroth, D.",
      title          = "{Associated Higgs production with top quarks at the large
                        hadron collider: NLO QCD corrections}",
      journal        = "Phys.~Rev.~D",
      volume         = "68",
      year           = "2003",
      pages          = "034022",
      doi            = "10.1103/PhysRevD.68.034022",
      eprint         = "hep-ph/0305087",
      archivePrefix  = "arXiv",
      primaryClass   = "hep-ph",
      reportNumber   = "BNL-HET-03-9, FSU-HEP-2003-0503, UB-HET-03-02",
      SLACcitation   = "%%CITATION = HEP-PH/0305087;%%"
}
@article{Yu:2014cka,
      author         = "Zhang, Yu and Ma, Wen-Gan and Zhang, Ren-You and Chen,
                        Chong and Guo, Lei",
      title          = "{QCD NLO and EW NLO corrections to $t\bar{t}H$ production
                        with top quark decays at hadron collider}",
      journal        = "Phys.~Lett.~B",
      volume         = "738",
      year           = "2014",
      pages          = "1",
      doi            = "10.1016/j.physletb.2014.09.022",
      eprint         = "1407.1110",
      archivePrefix  = "arXiv",
      primaryClass   = "hep-ph",
      SLACcitation   = "%%CITATION = ARXIV:1407.1110;%%"
}
@article{Frixione:2014qaa,
      author         = "Frixione, S. and Hirschi, V. and Pagani, D. and Shao, H.
                        S. and Zaro, M.",
      title          = "{Weak corrections to Higgs hadroproduction in association
                        with a top-quark pair}",
      journal        = "JHEP",
      volume         = "09",
      year           = "2014",
      pages          = "065",
      doi            = "10.1007/JHEP09(2014)065",
      eprint         = "1407.0823",
      archivePrefix  = "arXiv",
      primaryClass   = "hep-ph",
      reportNumber   = "CERN-PH-TH-2014-123, CP3-14-49",
      SLACcitation   = "%%CITATION = ARXIV:1407.0823;%%"
}
@article{Frixione:2015zaa,
      author         = "Frixione, S. and Hirschi, V. and Pagani, D. and Shao, H.-S. and Zaro, M.",
      title          = "{Electroweak and QCD corrections to top-pair
                        hadroproduction in association with heavy bosons}",
      journal        = "JHEP",
      volume         = "06",
      year           = "2015",
      pages          = "184",
      doi            = "10.1007/JHEP06(2015)184",
      eprint         = "1504.03446",
      archivePrefix  = "arXiv",
      primaryClass   = "hep-ph",
      reportNumber   = "CERN-PH-TH-2015-083, CP3-15-10, LPN15-022,
                        SLAC-PUB-16253",
      SLACcitation   = "%%CITATION = ARXIV:1504.03446;%%"
}
@article{Heinemeyer:2013tqa,
 archiveprefix = {arXiv},
 author = {Heinemeyer, S. and others},
 collaboration = {LHC Higgs Cross Section Working Group},
 doi = {10.5170/CERN-2013-004},
 OPTeditor = {Heinemeyer, S},
 eprint = {1307.1347},
 primaryclass = {hep-ph},
 reportnumber = {CERN-2013-004},
 slaccitation = {%%CITATION = ARXIV:1307.1347;%%},
 title = {Handbook of LHC Higgs Cross Sections: 3. Higgs
Properties},
 year = {2013}
}
@Misc{XSWG13TeV,
 OPTkey = {},
 author = "{LHC Higgs Cross Section Working Group}",
 OPTtitle = {},
 OPThowpublished = {},
 OPTmonth = {},
 year = {2016},
 OPTnote = {},
 OPTannote = {},
 url = {https://twiki.cern.ch/twiki/bin/view/LHCPhysics/CERNYellowReportPageAt13TeV},
 OPTurldate = {},
 OPTlastchecked = {},
 OPTdoi = {},
 OPTisbn = {},
 OPTissn = {},
 OPTlocalfile = {},
 OPTabstract = {},
 OPTkeywords = {},
}
@article{Alwall:2014hca,
 archiveprefix = {arXiv},
 author = {Alwall, J. and others},
 doi = {10.1007/JHEP07(2014)079},
 eprint = {1405.0301},
 journal = {JHEP},
 pages = {079},
 primaryclass = {hep-ph},
 reportnumber = {CERN-PH-TH-2014-064, CP3-14-18, LPN14-066, MCNET-14-09, ZU-TH-14-14},
 slaccitation = {%%CITATION = ARXIV:1405.0301;%%},
 title = {The automated computation of tree-level and
next-to-leading order differential cross sections, and
their matching to parton shower simulations},
 volume = {07},
 year = {2014},
}

@article{Aad:2010ah,
      xauthor         = "Aad, G. and others",
      title          = "{The ATLAS Simulation Infrastructure}",
      author  = "{ATLAS Collaboration}",
      journal        = "Eur. Phys. J. C",
      volume         = "70",
      year           = "2010",
      pages          = "823",
      doi            = "10.1140/epjc/s10052-010-1429-9",
      eprint         = "1005.4568",
      archivePrefix  = "arXiv",
      primaryClass   = "physics.ins-det",
      SLACcitation   = "%%CITATION = ARXIV:1005.4568;%%"
}

@article{Agostinelli:2002hh,
      author         = "Agostinelli, S. and others",
      title          = "{GEANT4: A Simulation toolkit}",
      collaboration  = "GEANT4",
      journal        = "Nucl. Instrum. Meth.",
      volume         = "A506",
      year           = "2003",
      pages          = "250-303",
      doi            = "10.1016/S0168-9002(03)01368-8",
      reportNumber   = "SLAC-PUB-9350, FERMILAB-PUB-03-339",
      SLACcitation   = "%%CITATION = NUIMA,A506,250;%%"
}

@article{Frixione:2007vw,
      author         = "Frixione, Stefano and Nason, Paolo and Oleari, Carlo",
      title          = "{Matching NLO QCD computations with Parton Shower
                        simulations: the POWHEG method}",
      journal        = "JHEP",
      volume         = "11",
      year           = "2007",
      pages          = "070",
      doi            = "10.1088/1126-6708/2007/11/070",
      eprint         = "0709.2092",
      archivePrefix  = "arXiv",
      primaryClass   = "hep-ph",
      reportNumber   = "BICOCCA-FT-07-9, GEF-TH-21-2007",
      SLACcitation   = "%%CITATION = ARXIV:0709.2092;%%"
}

@article{Nason:2004rx,
      author         = "Nason, Paolo",
      title          = "{A New method for combining NLO QCD with shower Monte
                        Carlo algorithms}",
      journal        = "JHEP",
      volume         = "11",
      year           = "2004",
      pages          = "040",
      doi            = "10.1088/1126-6708/2004/11/040",
      eprint         = "hep-ph/0409146",
      archivePrefix  = "arXiv",
      primaryClass   = "hep-ph",
      reportNumber   = "BICOCCA-FT-04-11",
      SLACcitation   = "%%CITATION = HEP-PH/0409146;%%"
}

@article{Frixione:2007nw,
      author         = "Frixione, Stefano and Nason, Paolo and Ridolfi, Giovanni",
      title          = "{A Positive-weight next-to-leading-order Monte Carlo for
                        heavy flavour hadroproduction}",
      journal        = "JHEP",
      volume         = "09",
      year           = "2007",
      pages          = "126",
      doi            = "10.1088/1126-6708/2007/09/126",
      eprint         = "0707.3088",
      archivePrefix  = "arXiv",
      primaryClass   = "hep-ph",
      reportNumber   = "BICOCCA-FT-07-12, GEF-TH-19-2007",
      SLACcitation   = "%%CITATION = ARXIV:0707.3088;%%"
}

@article{Hartanto:2015uka,
      author         = "Hartanto, Heribertus B. and J{\"a}ger, Barbara and Reina, Laura and Wackeroth, Doreen",
      title          = "{Higgs boson production in association with top quarks in the POWHEG BOX}",
      journal        = "Phys. Rev. D",
      volume         = "91",
      year           = "2015",
      pages          = "094003",
      doi            = "10.1103/PhysRevD.91.094003",
      eprint         = "1501.04498",
      archivePrefix  = "arXiv",
      primaryClass   = "hep-ph",
      SLACcitation   = "%%CITATION = ARXIV:1501.04498;%%"
}

@article{Lai:2010vv,
      author         = "Lai, Hung-Liang and Guzzi, Marco and Huston, Joey and Li,
                        Zhao and Nadolsky, Pavel M. and Pumplin, Jon and Yuan, C.
                        -P.",
      title          = "{New parton distributions for collider physics}",
      journal        = "Phys. Rev.",
      volume         = "D82",
      year           = "2010",
      pages          = "074024",
      doi            = "10.1103/PhysRevD.82.074024",
      eprint         = "1007.2241",
      archivePrefix  = "arXiv",
      primaryClass   = "hep-ph",
      reportNumber   = "MSUHEP-100707, SMU-HEP-10-10",
      SLACcitation   = "%%CITATION = ARXIV:1007.2241;%%"
}

@article{Sjostrand:2006za,
      author         = "Sj{\"o}strand, Torbjorn and Mrenna, Stephen and Skands, Peter
                        Z.",
      title          = "{PYTHIA 6.4 Physics and Manual}",
      journal        = "JHEP",
      volume         = "05",
      year           = "2006",
      pages          = "026",
      doi            = "10.1088/1126-6708/2006/05/026",
      eprint         = "hep-ph/0603175",
      archivePrefix  = "arXiv",
      primaryClass   = "hep-ph",
      reportNumber   = "FERMILAB-PUB-06-052-CD-T, LU-TP-06-13",
      SLACcitation   = "%%CITATION = HEP-PH/0603175;%%"
}

@article{Skands:2010ak,
      author         = "Skands, Peter Zeiler",
      title          = "{Tuning Monte Carlo Generators: The Perugia Tunes}",
      journal        = "Phys. Rev.",
      volume         = "D82",
      year           = "2010",
      pages          = "074018",
      doi            = "10.1103/PhysRevD.82.074018",
      eprint         = "1005.3457",
      archivePrefix  = "arXiv",
      primaryClass   = "hep-ph",
      reportNumber   = "MCNET-10-08, CERN-PH-TH-2010-113",
      SLACcitation   = "%%CITATION = ARXIV:1005.3457;%%"
}

@article{Pumplin:2002vw,
      author         = "Pumplin, J. and Stump, D. R. and Huston, J. and Lai, H.
                        L. and Nadolsky, Pavel M. and Tung, W. K.",
      title          = "{New generation of parton distributions with
                        uncertainties from global QCD analysis}",
      journal        = "JHEP",
      volume         = "07",
      year           = "2002",
      pages          = "012",
      doi            = "10.1088/1126-6708/2002/07/012",
      eprint         = "hep-ph/0201195",
      archivePrefix  = "arXiv",
      primaryClass   = "hep-ph",
      reportNumber   = "MSU-HEP-011101",
      SLACcitation   = "%%CITATION = HEP-PH/0201195;%%"
}


@article{Djouadi:1997yw,
      author         = "Djouadi, A. and Kalinowski, J. and Spira, M.",
      title          = "{HDECAY: a program for Higgs boson decays in the Standard Model and its supersymmetric extension}",
      journal        = "Comput. Phys. Commun.",
      volume         = "108",
      year           = "1998",
      pages          = "56",
      doi            = "10.1016/S0010-4655(97)00123-9",
      eprint         = "hep-ph/9704448",
      archivePrefix  = "arXiv",
      primaryClass   = "hep-ph",
      reportNumber   = "DESY-97-079, IFT-96-29, PM-97-04",
      SLACcitation   = "%%CITATION = HEP-PH/9704448;%%"
}

@article{deFlorian:2016spz,
      author         = "de Florian, D. and others",
      title          = "{Handbook of LHC Higgs Cross Sections: 4. Deciphering the
                        Nature of the Higgs Sector}",
      collaboration  = "LHC Higgs Cross Section Working Group",
      doi            = "10.23731/CYRM-2017-002",
      year           = "2016",
      eprint         = "1610.07922",
      archivePrefix  = "arXiv",
      primaryClass   = "hep-ph",
      reportNumber   = "FERMILAB-FN-1025-T, CERN-2017-002-M",
      SLACcitation   = "%%CITATION = ARXIV:1610.07922;%%"
}


@article{CFK_talk,
  title         = "{Charge Flip Tagger, ATLAS egamma workshop 2016}",
  number = "https://indico.cern.ch/event/567645/contributions/2349785",
  year = 2016
}


@article{CFK_twiki,
  title         = "{Charge Flip Tagger Twiki}",
  number = "https://twiki.cern.ch/twiki/bin/view/AtlasProtected/ElectronChargeFlipTaggerTool",
  year = 2016
}

%PromptLeptonIso internal note
@techreport{Ospanov:2220954,
      author        = "Ospanov, Rustem and Roberts, Rhys Thomas and Wyatt, Terry
                       Richard",
      title         = "{Tagging non-prompt electrons and muons}",
      institution   = "CERN",
      address       = "Geneva",
      number        = "ATL-COM-PHYS-2016-1444",
      month         = "Oct",
      year          = "2016",
      reportNumber  = "ATL-COM-PHYS-2016-1444",
      url           = "https://cds.cern.ch/record/2220954",
}

%object selection

@article{TriggerSF_Docu,
  title         = "{TrigGlobalEfficiencyCorrectionTool Twiki}",
  number = "https://twiki.cern.ch/twiki/bin/view/Sandbox/JulienMaurerSandbox",
  year = 2017
}

@article{Aad:2016jkr,
      author         = "{ATLAS Collaboration}",
      title          = "{Muon reconstruction performance of the ATLAS detector in
                        proton–proton collision data at $\sqrt{s}$ = 13 TeV}",
      OPTcollaboration  = "ATLAS",
      journal        = "Eur.~Phys.~J.~C",
      volume         = "76",
      year           = "2016",
      number         = "5",
      pages          = "292",
      doi            = "10.1140/epjc/s10052-016-4120-y",
      eprint         = "1603.05598",
      archivePrefix  = "arXiv",
      primaryClass   = "hep-ex",
      reportNumber   = "CERN-EP-2016-033",
      SLACcitation   = "%%CITATION = ARXIV:1603.05598;%%"
}

@Article{Cacciari:2008gp,
     author    = "Cacciari, Matteo and Salam, Gavin P. and Soyez, Gregory",
     title     = "{The anti-$k_t$ jet clustering algorithm}",
     journal   = "JHEP",
     volume    = "04",
     year      = "2008",
     pages     = "063",
     eprint    = "0802.1189",
     archivePrefix = "arXiv",
     primaryClass  =  "hep-ph",
     doi       = "10.1088/1126-6708/2008/04/063",
     SLACcitation  = "%%CITATION = 0802.1189;%%"
}
@Article{Cacciari:2005hq,
     author    = "Cacciari, Matteo and Salam, Gavin P.",
     title     = "{Dispelling the $N^{3}$ myth for the $k_t$ jet-finder}",
     journal   = "Phys. Lett. B",
     volume    = "641",
     year      = "2006",
     pages     = "57-61",
     eprint    = "hep-ph/0512210",
     archivePrefix = "arXiv",
     doi       = "10.1016/j.physletb.2006.08.037",
     SLACcitation  = "%%CITATION = HEP-PH/0512210;%%"
}


%Intro

@article{Aad:2015iha,
      OPTauthor         = "Aad, Georges and others",
      title          = "{Search for the associated production of the Higgs boson
                        with a top quark pair in multilepton final states with the
                        ATLAS detector}",
      author  = "{ATLAS Collaboration}",
      journal        = "Phys.~Lett.~B",
      volume         = "749",
      year           = "2015",
      pages          = "519",
      doi            = "10.1016/j.physletb.2015.07.079",
      eprint         = "1506.05988",
      archivePrefix  = "arXiv",
      primaryClass   = "hep-ex",
      reportNumber   = "CERN-PH-EP-2015-109",
      SLACcitation   = "%%CITATION = ARXIV:1506.05988;%%"
}

@article{tthbb,
      title          = "{Search for the Standard Model Higgs boson produced in
                        association with top quarks and decaying into $b\bar{b}$
                        in pp collisions at $\sqrt{s}$ = 8 TeV with the ATLAS
                        detector}",
      collaboration  = "ATLAS",
      author         = "{ATLAS Collaboration}",
      year           = "2015",
      eprint         = "1503.05066",
      archivePrefix  = "arXiv",
      primaryClass   = "hep-ex",
      reportNumber   = "CERN-PH-EP-2015-047",
      journal        = "Eur.~Phys.~J.~C",
      volume = "75",
      pages = "349",
      doi            = "10.1140/epjc/s10052-015-3543-1",

}

@article{2014tthdiph,
 archiveprefix = {arXiv},
 author = "{ATLAS Collaboration}",
 eprint = {1409.3122},
 journal = {Phys. Lett. B},
 pages = {222},
 primaryclass = {hep-ex},
 title = {Search for $H\rightarrow \gamma \gamma$ produced in
association with top quarks and constraints on the Yukawa coupling between the top quark and the Higgs boson using data taken at 7 TeV and 8 TeV with the ATLAS detector},
 volume = {740},
 year = {2015},
 doi = {10.1016/j.physletb.2014.11.049}
}

@article{Khachatryan:2014qaa,
 archiveprefix = {arXiv},
 collaboration = {CMS},
 doi = {10.1007/JHEP09(2014)087},
 eprint = {1408.1682},
 journal = {JHEP},
 optauthor = {Khachatryan, Vardan and others},
 author = "{CMS Collaboration}",
 pages = {087},
 primaryclass = {hep-ex},
 reportnumber = {CMS-HIG-13-029, CERN-PH-EP-2014-189},
 slaccitation = {%%CITATION = ARXIV:1408.1682;%%},
 title = {Search for the associated production of the Higgs boson
with a top-quark pair},
 volume = {09},
 year = {2014},
 erratum = {(erratum \href{http://dx.doi.org/10.1007/JHEP10(2014)106}{\textit{ibid} \textbf{1410} (2014), 106})}
}

@article{Khachatryan:2015ila,
      optauthor         = "Khachatryan, Vardan and others",
      author = "{CMS Collaboration}",
      title          = "{Search for a Standard Model Higgs Boson Produced in
                        Association with a Top-Quark Pair and Decaying to Bottom
                        Quarks Using a Matrix Element Method}",
      collaboration  = "CMS",
      journal        = "Eur.~Phys.~J.~C",
      volume         = "75",
      year           = "2015",
      number         = "6",
      pages          = "251",
      doi            = "10.1140/epjc/s10052-015-3454-1",
      eprint         = "1502.02485",
      archivePrefix  = "arXiv",
      primaryClass   = "hep-ex",
      reportNumber   = "CMS-HIG-14-010, CERN-PH-EP-2015-016",
      SLACcitation   = "%%CITATION = ARXIV:1502.02485;%%"
}
@article{Khachatryan:2016vau,
      author         = "{ATLAS and CMS Collaborations}",
      title          = "{Measurements of the Higgs boson production and decay
                        rates and constraints on its couplings from a combined
                        ATLAS and CMS analysis of the LHC $pp$ collision data at
                        $\sqrt{s}=$ 7 and 8 TeV}",
      collaboration  = "ATLAS, CMS",
      year           = "2016",
      eprint         = "1606.02266",
      archivePrefix  = "arXiv",
      primaryClass   = "hep-ex",
      reportNumber   = "CERN-EP-2016-100, ATLAS-HIGG-2015-07, CMS-HIG-15-002",
      SLACcitation   = "%%CITATION = ARXIV:1606.02266;%%"
}

@article{ATLAS:2016iqc,
      author         = "The ATLAS collaboration",
      title          = "{Electron efficiency measurements with the ATLAS detector
                        using the 2015 LHC proton-proton collision data}",
      collaboration  = "ATLAS",
      year           = "2016",
      reportNumber   = "ATLAS-CONF-2016-024",
      SLACcitation   = "%%CITATION = ATLAS-CONF-2016-024;%%"
}

@techreport{DeVivieDeRegie:2256658,
      author        = "J-B. De Vivie De Regie et al.",
      title         = "{ATLAS electron, photon and muon isolation in Run 2: The
                       isolation variables reconstruction and performance for Run
                       2 are documented.}",
      institution   = "CERN",
      address       = "Geneva",
      number        = "ATL-COM-PHYS-2017-290",
      month         = "Mar",
      year          = "2017",
      reportNumber  = "ATL-COM-PHYS-2017-290",
      url           = "https://cds.cern.ch/record/2256658",
      note          = "This note contains the Moriond 2017 recommendations. It
                       will be updated when new recommendations become available.",
}

@article{xgboost,
  author    = {Tianqi Chen and
               Carlos Guestrin},
  title     = {XGBoost: {A} Scalable Tree Boosting System},
  journal   = {CoRR},
  volume    = {abs/1603.02754},
  year      = {2016},
  url       = {http://arxiv.org/abs/1603.02754},
  timestamp = {Sat, 02 Apr 2016 11:49:48 +0200},
  biburl    = {http://dblp.uni-trier.de/rec/bib/journals/corr/ChenG16},
  bibsource = {dblp computer science bibliography, http://dblp.org}
}

@article{Dannheim2009717,
title = "PDE-Foam: A probability density estimation method using self-adapting phase-space binning ",
journal = "Nuclear Instruments and Methods in Physics Research Section A: Accelerators, Spectrometers, Detectors and Associated Equipment ",
volume = "606",
number = "3",
pages = "717 - 727",
year = "2009",
note = "",
issn = "0168-9002",
doi = "http://doi.org/10.1016/j.nima.2009.05.028",
url = "http://www.sciencedirect.com/science/article/pii/S0168900209009450",
author = "Dominik Dannheim and Alexander Voigt and Karl-Johan Grahn and Peter Speckmayer and Tancredi Carli",
keywords = "Multi-variate discrimination technique",
keywords = "Probability density estimation",
keywords = "Self-adapting phase-space binning ",
}

@article{ttHFitter_Autobin,
 title  = "Autobinning of distribution in ttHFitter",
 biburl = "https://indico.cern.ch/event/455289/contributions/1953694/attachments/1209081/1762963/Calvet_binning_Htop_160108.pdf",
 year   = 2016
}

@Booklet{ATLAS-COM-PHYS-2016-1620,
    author         = "{G. D'amen et al.}",
    title          = "{Search for direct top squark pair production in events with a $Z$ or a Higgs boson $b$-jets and missing transverse momentum in $\sqrt{s}$=13 TeV $pp$ collisions with the ATLAS detector}",
    howpublished   = "{ATLAS-COM-PHYS-2016-1620}",
    url            = "http://cdsweb.cern.ch/record/2231829",
    year           = "2016",
}

@Booklet{CMS-PAS-HIG-17-004,
    author         = "{CMS Collaboration}",
    title          = "{Search for Higgs boson production in association with top quarks in multilepton final states at $\sqrt{s}$=13 TeV $pp$}",
    howpublished   = "{CMS-PAS-HIG-17-004}",
    url            = "https://cds.cern.ch/record/2256103",
    year           = "2016",
}

@Booklet{ATLAS-COM-PHYS-2016-1616,
    author         = "{B. Abbott et al.}",
    title          = "{Search for strongly-produced superpartners in final states with same-sign or three leptons and jets in 2015+2016 pp
collisions data at $\sqrt{s}$=13 TeV}",
    howpublished   = "{ATLAS-COM-PHYS-2016-1616}",
    url            = "http://cdsweb.cern.ch/record/2231789",
    year           = "2016",
}

@article{Aaboud:2017pjd,
      author         = "{ATLAS Collaboration}",
      title          = "{Study of the material of the ATLAS inner detector for Run 2 of the LHC}",
      collaboration  = "ATLAS",
      year           = "2017",
      eprint         = "1707.02826",
      archivePrefix  = "arXiv",
      primaryClass   = "hep-ex",
      reportNumber   = "CERN-EP-2017-081",
      SLACcitation   = "%%CITATION = ARXIV:1707.02826;%%"
}

@article{Aaboud:2017era,
      author         = "{ATLAS Collaboration}",
      title          = "{Measurement of the $t\bar{t}\gamma$ production cross section in proton-proton collisions at $\sqrt{s} = 8$ TeV with the ATLAS detector}",
      collaboration  = "ATLAS",
      year           = "2017",
      eprint         = "1706.03046",
      archivePrefix  = "arXiv",
      primaryClass   = "hep-ex",
      reportNumber   = "CERN-EP-2017-086",
      SLACcitation   = "%%CITATION = ARXIV:1706.03046;%%"
}
@article{Aad:2010ey,
      author         = "{ATLAS Collaboration}",
      title          = "{Measurement of the top quark-pair production cross
                        section with ATLAS in pp collisions at $\sqrt{s}=7$ TeV}",
      collaboration  = "ATLAS",
      journal        = "Eur. Phys. J.",
      volume         = "C71",
      year           = "2011",
      pages          = "1577",
      doi            = "10.1140/epjc/s10052-011-1577-6",
      eprint         = "1012.1792",
      archivePrefix  = "arXiv",
      primaryClass   = "hep-ex",
      reportNumber   = "CERN-PH-EP-2010-064",
      SLACcitation   = "%%CITATION = ARXIV:1012.1792;%%"
}
@article{Ball:2014uwa,
      author         = "Ball, Richard D. and others",
      title          = "{Parton distributions for the LHC Run II}",
      collaboration  = "NNPDF",
      journal        = "JHEP",
      volume         = "04",
      year           = "2015",
      pages          = "040",
      doi            = "10.1007/JHEP04(2015)040",
      eprint         = "1410.8849",
      archivePrefix  = "arXiv",
      primaryClass   = "hep-ph",
      reportNumber   = "EDINBURGH-2014-15, IFUM-1034-FT, CERN-PH-TH-2013-253,
                        OUTP-14-11P, CAVENDISH-HEP-14-11",
      SLACcitation   = "%%CITATION = ARXIV:1410.8849;%%"
}
article{ATLASUETune4,
 collaboration = {ATLAS},
 author = "{ATLAS Collaboration}",
 note = {\href{http://cds.cern.ch/record/1966419}{http://cds.cern.ch/record/1966419}},
 report = {ATL-PHYS-PUB-2014-021},
 title = {ATLAS Run 1 Pythia8 tunes},
 year = {2014}
}
@article{Ball:2012cx,
      author         = "Ball, Richard D. and others",
      title          = "{Parton distributions with LHC data}",
      journal        = "Nucl.~Phys.~B",
      volume         = "867",
      year           = "2013",
      pages          = "244",
      doi            = "10.1016/j.nuclphysb.2012.10.003",
      eprint         = "1207.1303",
      archivePrefix  = "arXiv",
      primaryClass   = "hep-ph",
      reportNumber   = "EDINBURGH-2012-08, IFUM-FT-997, FR-PHENO-2012-014,
                        RWTH-TTK-12-25, CERN-PH-TH-2012-037, SFB-CPP-12-47",
      SLACcitation   = "%%CITATION = ARXIV:1207.1303;%%"
}
@article{ct10,
 archiveprefix = {arXiv},
 author = {Lai, H.-L. and others},
 doi = {10.1103/PhysRevD.82.074024},
 eprint = {1007.2241},
 journal = "Phys.~Rev.~D",
 pages = {074024},
 primaryclass = {hep-ph},
 title = {New parton distributions for collider physics},
 volume = {82},
 year = {2010}
}
@article{cteq6,
 archiveprefix = {arXiv},
 author = {Nadolsky, P. M. and others},
 doi = {10.1103/PhysRevD.78.013004},
 eprint = {0802.0007},
 journal = "Phys.~Rev.~D",
 pages = {013004},
 primaryclass = {hep-ph},
 title = {Implications of CTEQ global analysis for collider observables},
 volume = {78},
 year = {2008}
}
@article{cteq6l1,
 archiveprefix = {arXiv},
 author = { Pumplin, J. and Stump, D. R. and Huston, J. and Lai, H.-L. and Nadolsky, P. M. and Tung, W. K.},
 doi = {10.1088/1126-6708/2002/07/012},
 eprint = {hep-ph/0201195},
 journal = {JHEP},
 pages = {012},
 primaryclass = {hep-ph},
 slaccitation = {%%CITATION = ARXIV:1105.0020;%%},
 title = {New Generation of Parton Distributions with Uncertainties from Global QCD Analysis},
 volume = {07},
 year = {2002}
}
@article{perugia,
 archiveprefix = {arXiv},
 author = {Skands, P.},
 doi = {10.1103/PhysRevD.82.074018},
 eprint = {1005.3457},
 journal = {Phys.~Rev.~D},
 pages = {074018},
 primaryclass = {hep-ph},
 reportnumber = {MCNET-10-08, CERN-PH-TH-2010-113},
 slaccitation = {%%CITATION = ARXIV:1005.3457;%%},
 title = {Tuning Monte Carlo Generators: The Perugia Tunes},
 volume = {82},
 year = {2010}
}
@article{Butterworth:2015oua,
      author         = "Butterworth, Jon and others",
      title          = "{PDF4LHC recommendations for LHC Run II}",
      journal        = "J. Phys. G",
      volume         = "43",
      year           = "2016",
      pages          = "023001",
      doi            = "10.1088/0954-3899/43/2/023001",
      eprint         = "1510.03865",
      archivePrefix  = "arXiv",
      primaryClass   = "hep-ph",
      reportNumber   = "OUTP-15-17P, SMU-HEP-15-12, TIF-UNIMI-2015-14,
                        LCTS-2015-27, CERN-PH-TH-2015-249",
      SLACcitation   = "%%CITATION = ARXIV:1510.03865;%%"
}
@article{Seymour:2013qka,
      author         = "Seymour, Michael H. and Siodmok, Andrzej",
      title          = "{Constraining MPI models using $\sigma_{eff}$ and recent
                        Tevatron and LHC Underlying Event data}",
      journal        = "JHEP",
      volume         = "10",
      year           = "2013",
      pages          = "113",
      doi            = "10.1007/JHEP10(2013)113",
      eprint         = "1307.5015",
      archivePrefix  = "arXiv",
      primaryClass   = "hep-ph",
      reportNumber   = "MAN-HEP-2013-14, MCNET-13-08",
      SLACcitation   = "%%CITATION = ARXIV:1307.5015;%%"
}
@article{powhegtt,
 archiveprefix = {arXiv},
 author = {Frixione, S. and Ridolfi, G. and Nason, P.},
 doi = {10.1088/1126-6708/2007/09/126},
 eprint = {0707.3088},
 journal = {JHEP},
 pages = {126},
 primaryclass = {hep-ph},
 title = {A positive-weight next-to-leading-order Monte Carlo for heavy flavour hadroproduction},
 volume = {09},
 year = {2007}
}
@article{powhegstp,
 archiveprefix = {arXiv},
 author = {Re, E.},
 doi = {10.1140/epjc/s10052-011-1547-z},
 eprint = {1009.2450},
 journal = {Eur. Phys. J. C},
 pages = {1547},
 primaryclass = {hep-ph},
 title = {Single-top Wt-channel production matched with parton showers using the POWHEG method},
 volume = {71},
 year = {2011}
}
@article{powhegstp2,
 archiveprefix = {arXiv},
 author = {Alioli, S. and Nason, P. and Oleari, C. and Re, E.},
 doi = {10.1088/1126-6708/2009/09/111},
 eprint = {0907.4076},
 journal = {JHEP},
 pages = {111},
 primaryclass = {hep-ph},
 title = {NLO single-top production matched with shower in POWHEG: $s-$ and $t-$channel contributions},
 volume = {09},
 year = {2009},
 erratum = {(erratum \href{http://dx.doi.org/10.1007/JHEP02(2010)011}{\textit{ibid} \textbf{1002} (2010), 011})}
}
@article{sherpa,
 archiveprefix = {arXiv},
 author = {Gleisberg, T. and others},
 doi = {10.1088/1126-6708/2009/02/007},
 eprint = {0811.4622},
 journal = {JHEP},
 pages = {007},
 primaryclass = {hep-ph},
 reportnumber = {FERMILAB-PUB-08-477-T, SLAC-PUB-13420, ZU-TH-17-08, DCPT-08-138, IPPP-08-69, EDINBURGH-2008-30, MCNET-08-14},
 slaccitation = {%%CITATION = ARXIV:0811.4622;%%},
 title = {Event generation with SHERPA 1.1},
 volume = {02},
 year = {2009}
}
@article{Pythia6,
 archiveprefix = {arXiv},
 author = {Sj{\"o}strand, T. and others},
 doi = {10.1016/S0010-4655(00)00236-8},
 eprint = {hep-ph/0010017},
 journal = {Comput.\ Phys.\ Commun.},
 pages = {238},
 primaryclass = {hep-ph},
 title = {High-energy-physics event generation with Pythia 6.1},
 volume = {135},
 year = {2001},
}
@article{Pythia8,
 author = {Sj{\"o}strand, T. and Mrenna, S. and Skands, P.},
 journal = {Comput. Phys. Commun.},
 pages = {852},
 title = {A brief introduction to PYTHIA 8.1},
 volume = {178},
 year = {2008},
 doi            = {10.1016/j.cpc.2008.01.036},
 eprint         = "0710.3820",
 archivePrefix  = "arXiv",
 primaryClass   = "hep-ph",
}
@article{Bahr:2008pv,
 archiveprefix = {arXiv},
 author = {Bahr, M. and others},
 doi = {10.1140/epjc/s10052-008-0798-9},
 eprint = {0803.0883},
 journal = {Eur.~Phys.~J.~C},
 pages = {639},
 primaryclass = {hep-ph},
 reportnumber = {CERN-PH-TH-2008-038, CAVENDISH-HEP-08-03, KA-TP-05-2008, DCPT-08-22, IPPP-08-11, CP3-08-05},
 slaccitation = {%%CITATION = ARXIV:0803.0883;%%},
 title = {Herwig++ Physics and Manual},
 volume = {58},
 year = {2008}
}

@article{Bellm:2015jjp,
      author         = "Bellm, Johannes and others",
      title          = "{Herwig 7.0/Herwig++ 3.0 release note}",
      journal        = "Eur. Phys. J. C",
      volume         = "76",
      year           = "2016",
      pages          = "196",
      doi            = "10.1140/epjc/s10052-016-4018-8",
      eprint         = "1512.01178",
      archivePrefix  = "arXiv",
      primaryClass   = "hep-ph",
      reportNumber   = "CERN-PH-TH-2015-289, MAN-HEP-2015-15, IFJPAN-IV-2015-13,
                        KA-TP-18-2015, DCPT-15-142, MCNET-15-28, IPPP-15-71,
                        HERWIG-2015-01",
      SLACcitation   = "%%CITATION = ARXIV:1512.01178;%%"
}

@article{Lange:2001uf,
      author         = "Lange, D. J.",
      title          = "{The EvtGen particle decay simulation package}",
      booktitle      = "{Proceedings, 7th International Conference on B physics
                        at hadron machines (BEAUTY 2000)}",
      journal        = "Nucl.~Instrum.~Meth.~Phys.~Res.~A",
      volume         = "462",
      year           = "2001",
      pages          = "152",
      doi            = "10.1016/S0168-9002(01)00089-4",
      SLACcitation   = "%%CITATION = NUIMA,A462,152;%%"
}
@article{Golonka:2005pn,
      author         = "Golonka, Piotr and Was, Zbigniew",
      title          = "{PHOTOS Monte Carlo: A Precision tool for QED corrections
                        in $Z$ and $W$ decays}",
      journal        = "Eur. Phys. J.",
      volume         = "C45",
      year           = "2006",
      pages          = "97-107",
      doi            = "10.1140/epjc/s2005-02396-4",
      eprint         = "hep-ph/0506026",
      archivePrefix  = "arXiv",
      primaryClass   = "hep-ph",
      reportNumber   = "IFJPAN-V-05-01, CERN-PH-TH-2005-091",
      SLACcitation   = "%%CITATION = HEP-PH/0506026;%%"
}
@Article{Hocker:2007ht,
author	=	"Hoecker, Andreas and Speckmayer, Peter and Stelzer, Joerg and Therhaag, Jan and von Toerne, Eckhard and Voss, Helge",
title	 = 	"{TMVA: Toolkit for Multivariate Data Analysis}",
journal	 = 	"PoS",
volume	 = 	"ACAT",
year	 = 	"2007",
pages	 = 	"040",
eprint	 = 	"physics/0703039",
archivePrefix	 = 	"arXiv",
SLACcitation	 = 	"%%CITATION = PHYSICS/0703039;%%"}

% previous ATLAS ttHML publication (36.1/fb)

@article{ATLASttHML20152016,
      author         = "{ATLAS Collaboration}",
      title          = "{Evidence for the associated production of the Higgs boson and a top quark pair with the ATLAS detector}",
      collaboration  = "ATLAS",
	  journal = {Phys. Rev. D},
	    volume = {97},
	    issue = {7},
	    pages = {072003},
	    numpages = {44},
	    year = {2018},
	    month = {Apr},
	    publisher = {American Physical Society},
	    doi = {10.1103/PhysRevD.97.072003},
	    url = {https://link.aps.org/doi/10.1103/PhysRevD.97.072003}
}

@article{Cacciari:2008gn,
      author         = "Cacciari, Matteo and Salam, Gavin P. and Soyez, Gregory",
      title          = "{The catchment area of jets}",
      journal        = "JHEP",
      volume         = "04",
      year           = "2008",
      pages          = "005",
      doi            = "10.1088/1126-6708/2008/04/005",
      eprint         = "0802.1188",
      archivePrefix  = "arXiv",
      primaryClass   = "hep-ph",
      reportNumber   = "LPTHE-07-02",
      SLACcitation   = "%%CITATION = ARXIV:0802.1188;%%"
}

@Booklet{Sirunyan:2017exp,
      author         = "{CMS Collaboration}",
      title          = "{Measurements of properties of the Higgs boson decaying
                        into the four-lepton final state in pp collisions at
                        $\sqrt(s) = 13$ TeV}",
      eprint         = "1706.09936",
      archivePrefix  = "arXiv",
      primaryClass   = "hep-ex",
      reportNumber   = "CMS-HIG-16-041, CERN-EP-2017-123",
      SLACcitation   = "%%CITATION = ARXIV:1706.09936;%%"
}

@Booklet{CMS:2017rli,
      author         = "{CMS Collaboration}",
      title          = "{Measurements of properties of the Higgs boson in the
                        diphoton decay channel with the full 2016 data set}",
      collaboration  = "CMS",
      year           = "2017",
    howpublished   = "{CMS-PAS-HIG-16-040}",
    url 	   = "https://cds.cern.ch/record/2264515",
      SLACcitation   = "%%CITATION = CMS-PAS-HIG-16-040;%%"
}

@Booklet{CMS:2017vru,
      author         = "{CMS Collaboration}",
      title          = "{Search for Higgs boson production in association with
                        top quarks in multilepton final states at
                        $\sqrt{s}=13~\mathrm{TeV}$}",
      collaboration  = "CMS",
      year           = "2017",
    howpublished   = "{CMS-PAS-HIG-17-004}",
    url 	   = "https://cds.cern.ch/record/2256103"
}

@Booklet{CMS-PAS-HIG-17-003,
       author         = "{CMS Collaboration}",
     title         = "{Search for the associated production of a Higgs boson
                       with a top quark pair in final states with a $\tau$ lepton
                       at $\sqrt{s} = 13~\mathrm{TeV}$}",
      collaboration = "CMS Collaboration",
      year          = "2017",
    howpublished   = "{CMS-PAS-HIG-17-003}",
    url 	   = "https://cds.cern.ch/record/2257067"
}


@article{ttHbb,
  author = "{ATLAS Collaboration}",
  title  = "Search for the Standard Model Higgs boson produced in association with top quarks and decaying into a $b\bar b$ pair in $pp$ collisions at $\sqrt{s} = 13$ TeV with the ATLAS detector",
  note = {CERN-EP-2017-291},
  reportNumber   = "CERN-EP-2017-291",
  year = 2017,
  }

@article{4l,
  author = "{ATLAS Collaboration}",
  title = "Measurement of the Higgs boson coupling properties in the $H \rightarrow ZZ^{*} \rightarrow 4\ell$ decay channel at $\sqrt{s} = 13\;\mbox{TeV}$ with the ATLAS detector",
  note = {CERN-EP-2017-206},
  reportNumber   = "CERN-EP-2017-206",
  year = 2017,
  }

@article{yy,
  author = "{ATLAS Collaboration}",
  title = "Measurements of Higgs boson properties in the diphoton decay channel with $36.1\;\mbox{fb}^{-1}$ $pp$ collision data at the center-of-mass energy of $13\;\mbox{TeV}$ with the ATLAS detector",
  note = {CERN-EP-2017-288},
  reportNumber   = "CERN-EP-2017-288",
  year = 2017,
  }

%@Booklet{4l,
%    author	   = "{ATLAS Collaboration}",
%    title	   = "{Measurement of the Higgs boson coupling properties in the $H \rightarrow ZZ^{*} \rightarrow 4\ell$ decay channel at $\sqrt{s} = 13\;\mbox{TeV}$ with the ATLAS detector}",
%    howpublished   = "{ATLAS-CONF-2017-043}",
%    url 	   = "https://cds.cern.ch/record/2273849",
%    year	   = "2017",
%}

%@Booklet{yy,
%    author	   = "{ATLAS Collaboration}",
%    title	   = "{Measurements of Higgs boson properties in the diphoton decay channel with $36.1\;\mbox{fb}^{-1}$ $pp$ collision data at the center-of-mass energy of $13\;\mbox{TeV}$ with the ATLAS detector}",
%    howpublished   = "{ATLAS-CONF-2017-045}",
%    url 	   = "https://cds.cern.ch/record/2273852",
%    year	   = "2017",
%}

%@Booklet{ttHbb,
%    author	   = "{ATLAS Collaboration}",
%    title	   = "{Search for the Standard Model Higgs boson produced in association with top quarks and decaying into a $b\bar b$ pair in $pp$ collisions at $\sqrt{s} = 13$ TeV with the ATLAS detector}",
%    howpublished   = "{ATLAS-CONF-2017-076}",
%    year	   = "2017",
%}

@Booklet{Sirunyan:2017elk,
      author         = "{CMS Collaboration}",
      title          = "{Evidence for the Higgs boson decay to a bottom
                        quark-antiquark pair}",
      eprint         = "1709.07497",
      archivePrefix  = "arXiv",
      primaryClass   = "hep-ex",
      reportNumber   = "CMS-HIG-16-044, CERN-EP-2017-233",
      SLACcitation   = "%%CITATION = ARXIV:1709.07497;%%"
}

@Booklet{Sirunyan:2017khh,
      author         = "{CMS Collaboration}",
      title          = "{Observation of the Higgs boson decay to a pair of tau
                        leptons}",
      eprint         = "1708.00373",
      archivePrefix  = "arXiv",
      primaryClass   = "hep-ex",
      reportNumber   = "CMS-HIG-16-043, CERN-EP-2017-181",
      SLACcitation   = "%%CITATION = ARXIV:1708.00373;%%"
}

@Article{PERF-2012-04_corr,
    author         = "{ATLAS Collaboration}",
    title          = "{Performance of $b$-jet identification in the ATLAS experiment}",
    journal        = "JINST",
    volume         = "11",
    year           = "2016",
    pages          = "P04008",
    doi            = "10.1088/1748-0221/11/04/P04008",
    reportNumber   = "CERN-PH-EP-2015-216",
    eprint         = "1512.01094",
    archivePrefix  = "arXiv",
    primaryClass   = "hep-ex",
}


@Booklet{vhbb,
    author         = "{ATLAS Collaboration}",
      title          = "{Evidence for the $H \rightarrow b\bar b$ decay with the ATLAS detector}",
      collaboration  = "ATLAS",
      eprint         = "1708.03299",
      archivePrefix  = "arXiv",
      primaryClass   = "hep-ex",
      reportNumber   = "CERN-EP-2017-175",
}

@Booklet{xgboost,
  author    = {Tianqi Chen and
               Carlos Guestrin},
  title     = {XGBoost: {A} Scalable Tree Boosting System},
  eprint	 = 	"1603.02754",
  archivePrefix	 = 	"arXiv",
  primaryClass   = "cs.LG",
  journal   = {},
  volume    = {},
  timestamp = {Sat, 02 Apr 2016 11:49:48 +0200},
  biburl    = {http://dblp.uni-trier.de/rec/bib/journals/corr/ChenG16},
  bibsource = {dblp computer science bibliography, http://dblp.org}
}

@article{Aaboud:2017pjd,
      author         = "{ATLAS Collaboration}",
      title          = "{Study of the material of the ATLAS inner detector for Run 2 of the LHC}",
      collaboration  = "ATLAS",
      journal        = "JINST",
      volume         = "12",
      year           = "2017",
      pages          = "P12009",
      doi            = "10.1088/1748-0221/12/12/P12009",
      eprint         = "1707.02826",
      archivePrefix  = "arXiv",
      primaryClass   = "hep-ex",
      reportNumber   = "CERN-EP-2017-081",
      SLACcitation   = "%%CITATION = ARXIV:1707.02826;%%"
}

@article{Aaboud:2017era2,
      author         = "{ATLAS Collaboration}",
      title          = "{Measurement of the $t\bar{t}\gamma$ production cross
                        section in proton-proton collisions at $\sqrt{s} = 8$ TeV
                        with the ATLAS detector}",
      journal        = "JHEP",
      volume         = "11",
      year           = "2017",
      pages          = "086",
      doi            = "10.1007/JHEP11(2017)086",
      eprint         = "1706.03046",
      archivePrefix  = "arXiv",
      primaryClass   = "hep-ex",
      reportNumber   = "CERN-EP-2017-086",
      SLACcitation   = "%%CITATION = ARXIV:1706.03046;%%"
}


@Booklet{Hocker:2007ht,
      author         = "Hoecker, Andreas and others",
      title          = "{TMVA - Toolkit for Multivariate Data Analysis}",
      year           = "2007",
      eprint         = "physics/0703039",
      archivePrefix  = "arXiv",
      primaryClass   = "physics.data-an",
}
@article{SUSY3bjetsRun1,
      author         = "{ATLAS Collaboration}",
      title          = "{Search for supersymmetry at $\sqrt{s}$=8 TeV in final
                        states with jets and two same-sign leptons or three
                        leptons with the ATLAS detector}",
      collaboration  = "ATLAS",
      journal        = "JHEP",
      volume         = "06",
      pages          = "035",
      doi            = "10.1007/JHEP06(2014)035",
      year           = "2014",
      eprint         = "1404.2500",
      archivePrefix  = "arXiv",
      primaryClass   = "hep-ex",
      reportNumber   = "CERN-PH-EP-2014-044",
      SLACcitation   = "%%CITATION = ARXIV:1404.2500;%%",
}

@article{Aaboud:2016vfy,
    author         = "{ATLAS Collaboration}",
      title          = "{Electron efficiency measurements with the ATLAS detector
                        using 2012 LHC proton-proton collision data}",
      journal        = "Eur. Phys. J. C",
      volume         = "77",
      year           = "2017",
      number         = "3",
      pages          = "195",
      doi            = "10.1140/epjc/s10052-017-4756-2",
      eprint         = "1612.01456",
      archivePrefix  = "arXiv",
      primaryClass   = "hep-ex",
      reportNumber   = "CERN-EP-2016-262",
      SLACcitation   = "%%CITATION = ARXIV:1612.01456;%%"
}

@article{Aad:2015gba,
      OPTauthor         = "Aad, Georges and others",
      title          = "{Measurements of the Higgs boson production and decay
                        rates and coupling strengths using pp collision data at
                        $\sqrt{s}$ = 7 and 8 TeV in the ATLAS experiment}",
      author  = "{ATLAS Collaboration}",
      journal        = "Eur.~Phys.~J.~C",
      volume         = "76",
      year           = "2016",
      number         = "1",
      pages          = "6",
      doi            = "10.1140/epjc/s10052-015-3769-y",
      eprint         = "1507.04548",
      archivePrefix  = "arXiv",
      primaryClass   = "hep-ex",
      reportNumber   = "CERN-PH-EP-2015-125",
      SLACcitation   = "%%CITATION = ARXIV:1507.04548;%%"
}
@article{ATLASCMScomb,
      key            = "1393544",
      author         = "{The ATLAS and CMS Collaborations}",
      title          = "{Measurements of the Higgs boson production and decay
                        rates and constraints on its couplings from a combined
                        ATLAS and CMS analysis of the LHC pp collision data at
                        $\sqrt{s}$ = 7 and 8 TeV}",
      year           = "2015",
      note   = "ATLAS-CONF-2015-044, CMS-PAS-HIG-15-002",
      SLACcitation   = "%%CITATION = ATLAS-CONF-2015-044;%%"
}
@article{Heinemeyer:2013tqa,
 archiveprefix = {arXiv},
 author = {Heinemeyer, S. and others},
 collaboration = {LHC Higgs Cross Section Working Group},
 doi = {10.5170/CERN-2013-004},
 OPTeditor = {Heinemeyer, S},
 eprint = {1307.1347},
 primaryclass = {hep-ph},
 reportnumber = {CERN-2013-004},
 slaccitation = {%%CITATION = ARXIV:1307.1347;%%},
 title = {Handbook of LHC Higgs Cross Sections: 3. Higgs
Properties},
 year = {2013}
}
@Misc{XSWG13TeV,
 OPTkey = {},
 author = "{LHC Higgs Cross Section Working Group}",
 OPTtitle = {},
 OPThowpublished = {},
 OPTmonth = {},
 year = {2016},
 OPTnote = {},
 OPTannote = {},
 url = {https://twiki.cern.ch/twiki/bin/view/LHCPhysics/CERNYellowReportPageAt13TeV},
 OPTurldate = {},
 OPTlastchecked = {},
 OPTdoi = {},
 OPTisbn = {},
 OPTissn = {},
 OPTlocalfile = {},
 OPTabstract = {},
 OPTkeywords = {},
}
@article{Aad:2015iha,
      OPTauthor         = "Aad, Georges and others",
      title          = "{Search for the associated production of the Higgs boson
                        with a top quark pair in multilepton final states with the
                        ATLAS detector}",
      author  = "{ATLAS Collaboration}",
      journal        = "Phys.~Lett.~B",
      volume         = "749",
      year           = "2015",
      pages          = "519",
      doi            = "10.1016/j.physletb.2015.07.079",
      eprint         = "1506.05988",
      archivePrefix  = "arXiv",
      primaryClass   = "hep-ex",
      reportNumber   = "CERN-PH-EP-2015-109",
      SLACcitation   = "%%CITATION = ARXIV:1506.05988;%%"
}

@article{Aad:2013ucp,
 archiveprefix = {arXiv},
 collaboration = {ATLAS},
 author = "{ATLAS Collaboration}",
 doi = {10.1140/epjc/s10052-013-2518-3},
 eprint = {1302.4393},
 journal = {Eur.~Phys.~J.~C},
 optnumber = {8},
 pages = {2518},
 primaryclass = {hep-ex},
 reportnumber = {CERN-PH-EP-2013-026},
 slaccitation = {%%CITATION = ARXIV:1302.4393;%%},
 title = {Improved luminosity determination in pp collisions at $\sqrt{s} = $ 7~TeV using the ATLAS detector at the LHC},
 volume = {73},
 year = {2013},
}
@article{sherpa,
 archiveprefix = {arXiv},
 author = {Gleisberg, T. and others},
 doi = {10.1088/1126-6708/2009/02/007},
 eprint = {0811.4622},
 journal = {JHEP},
 pages = {007},
 primaryclass = {hep-ph},
 reportnumber = {FERMILAB-PUB-08-477-T, SLAC-PUB-13420, ZU-TH-17-08, DCPT-08-138, IPPP-08-69, EDINBURGH-2008-30, MCNET-08-14},
 slaccitation = {%%CITATION = ARXIV:0811.4622;%%},
 title = {Event generation with SHERPA 1.1},
 volume = {02},
 year = {2009}
}
@article{Cascioli:2011va,
      author         = "Cascioli, Fabio and Maierhofer, Philipp and Pozzorini,
                        Stefano",
      title          = "{Scattering Amplitudes with Open Loops}",
      journal        = "Phys. Rev. Lett.",
      volume         = "108",
      year           = "2012",
      pages          = "111601",
      doi            = "10.1103/PhysRevLett.108.111601",
      eprint         = "1111.5206",
      archivePrefix  = "arXiv",
      primaryClass   = "hep-ph",
      reportNumber   = "ZU-TH-23-11, LPN11-66",
      SLACcitation   = "%%CITATION = ARXIV:1111.5206;%%"
}
@article{Gleisberg:2008fv,
      author         = "Gleisberg, Tanju and Hoeche, Stefan",
      title          = "{Comix, a new matrix element generator}",
      journal        = "JHEP",
      volume         = "12",
      year           = "2008",
      pages          = "039",
      doi            = "10.1088/1126-6708/2008/12/039",
      eprint         = "0808.3674",
      archivePrefix  = "arXiv",
      primaryClass   = "hep-ph",
      reportNumber   = "SLAC-PUB-13232, IPPP-08-31, DCPT-08-62, MCNET-08-08",
      SLACcitation   = "%%CITATION = ARXIV:0808.3674;%%"
}
@article{Schumann:2007mg,
      author         = "Schumann, Steffen and Krauss, Frank",
      title          = "{A Parton shower algorithm based on Catani-Seymour dipole
                        factorisation}",
      journal        = "JHEP",
      volume         = "03",
      year           = "2008",
      pages          = "038",
      doi            = "10.1088/1126-6708/2008/03/038",
      eprint         = "0709.1027",
      archivePrefix  = "arXiv",
      primaryClass   = "hep-ph",
      reportNumber   = "DCPT-07-86, IPPP-07-43",
      SLACcitation   = "%%CITATION = ARXIV:0709.1027;%%"
}
@article{Hoeche:2012yf,
      author         = "Hoeche, Stefan and Krauss, Frank and Schonherr, Marek and
                        Siegert, Frank",
      title          = "{QCD matrix elements + parton showers: The NLO case}",
      journal        = "JHEP",
      volume         = "04",
      year           = "2013",
      pages          = "027",
      doi            = "10.1007/JHEP04(2013)027",
      eprint         = "1207.5030",
      archivePrefix  = "arXiv",
      primaryClass   = "hep-ph",
      reportNumber   = "SLAC-PUB-15191, IPPP-12-52, DCPT-12-104, LPN12-081,
                        FR-PHENO-2012-017, MCNET-12-09, --FR-PHENO-2012-017",
      SLACcitation   = "%%CITATION = ARXIV:1207.5030;%%"
}
@article{Alwall:2014hca,
 archiveprefix = {arXiv},
 author = {Alwall, J. and others},
 doi = {10.1007/JHEP07(2014)079},
 eprint = {1405.0301},
 journal = {JHEP},
 pages = {079},
 primaryclass = {hep-ph},
 reportnumber = {CERN-PH-TH-2014-064, CP3-14-18, LPN14-066, MCNET-14-09, ZU-TH-14-14},
 slaccitation = {%%CITATION = ARXIV:1405.0301;%%},
 title = {The automated computation of tree-level and
next-to-leading order differential cross sections, and
their matching to parton shower simulations},
 volume = {07},
 year = {2014},
}

@article{Frederix:2012ps,
      author         = "Frederix, Rikkert and Frixione, Stefano",
      title          = "{Merging meets matching in MC@NLO}",
      journal        = "JHEP",
      volume         = "12",
      year           = "2012",
      pages          = "061",
      doi            = "10.1007/JHEP12(2012)061",
      eprint         = "1209.6215",
      archivePrefix  = "arXiv",
      primaryClass   = "hep-ph",
      reportNumber   = "CERN-PH-TH-2012-247, ZU-TH-21-12",
      SLACcitation   = "%%CITATION = ARXIV:1209.6215;%%"
}

@article{Frederix:2017wme,
      author         = "Frederix, Rikkert and Pagani, Davide and Zaro, Marco",
      title          = "{Large NLO corrections in $t\bar{t}W^{\pm}$ and
                        $t\bar{t}t\bar{t}$ hadroproduction from supposedly
                        subleading EW contributions}",
      journal        = "JHEP",
      volume         = "02",
      year           = "2018",
      pages          = "031",
      doi            = "10.1007/JHEP02(2018)031",
      eprint         = "1711.02116",
      archivePrefix  = "arXiv",
      primaryClass   = "hep-ph",
      SLACcitation   = "%%CITATION = ARXIV:1711.02116;%%"
}

@article{powhegtt,
 archiveprefix = {arXiv},
 author = {Frixione, S. and Ridolfi, G. and Nason, P.},
 doi = {10.1088/1126-6708/2007/09/126},
 eprint = {0707.3088},
 journal = {JHEP},
 pages = {126},
 primaryclass = {hep-ph},
 title = {A positive-weight next-to-leading-order Monte Carlo for heavy flavour hadroproduction},
 volume = {09},
 year = {2007}
}

@article{powhegstp,
 archiveprefix = {arXiv},
 author = {Re, E.},
 doi = {10.1140/epjc/s10052-011-1547-z},
 eprint = {1009.2450},
 journal = {Eur. Phys. J. C},
 pages = {1547},
 primaryclass = {hep-ph},
 title = {Single-top Wt-channel production matched with parton showers using the POWHEG method},
 volume = {71},
 year = {2011}
}

@article{Barlow:1993dm,
      author         = "Barlow, Roger J. and Beeston, Christine",
      title          = "{Fitting using finite Monte Carlo samples}",
      journal        = "Comput. Phys. Commun.",
      volume         = "77",
      year           = "1993",
      pages          = "219-228",
      doi            = "10.1016/0010-4655(93)90005-W",
      reportNumber   = "MAN-HEP-93-1",
      SLACcitation   = "%%CITATION = CPHCB,77,219;%%"
}

@article{TevatronBB,
      author         = "{CDF and D0 Collaborations}",
      title          = "{Evidence for a particle produced in association with
                        weak bosons and decaying to a bottom-antibottom quark pair
                        in Higgs boson searches at the Tevatron}",
      journal        = "Phys. Rev. Lett.",
      volume         = "109",
      pages          = "071804",
      doi            = "10.1103/PhysRevLett.109.071804",
      year           = "2012",
      eprint         = "1207.6436",
      archivePrefix  = "arXiv",
      primaryClass   = "hep-ex",
      reportNumber   = "FERMILAB-PUB-12-412-E",
      SLACcitation   = "%%CITATION = ARXIV:1207.6436;%%",
}

@article{powhegstp2,
 archiveprefix = {arXiv},
 author = {Alioli, S. and Nason, P. and Oleari, C. and Re, E.},
 doi = {10.1088/1126-6708/2009/09/111},
 eprint = {0907.4076},
 journal = {JHEP},
 pages = {111},
 primaryclass = {hep-ph},
 title = {NLO single-top production matched with shower in POWHEG: $s-$ and $t-$channel contributions},
 volume = {09},
 year = {2009},
 erratum = {(erratum \href{http://dx.doi.org/10.1007/JHEP02(2010)011}{\textit{ibid} \textbf{1002} (2010), 011})}
}

@article{powhegstp3,
      author         = "Frederix, Rikkert and Re, Emanuele and Torrielli, Paolo",
      title          = "{Single-top t-channel hadroproduction in the four-flavour
                        scheme with POWHEG and aMC@NLO}",
      journal        = "JHEP",
      volume         = "09",
      year           = "2012",
      pages          = "130",
      doi            = "10.1007/JHEP09(2012)130",
      eprint         = "1207.5391",
      archivePrefix  = "arXiv",
      primaryClass   = "hep-ph",
      reportNumber   = "ZU-TH-14-12, IPPP-12-54, DCPT-12-108,
                        CERN-PH-TH-2012-206, LPN12-084, MCNET-12-10, --LPN12-084",
      SLACcitation   = "%%CITATION = ARXIV:1207.5391;%%"
}

@article{Pythia6,
 archiveprefix = {arXiv},
 author = {Sj{\"o}strand, T. and others},
 doi = {10.1016/S0010-4655(00)00236-8},
 eprint = {hep-ph/0010017},
 journal = {Comput.\ Phys.\ Commun.},
 pages = {238},
 title = {High-energy-physics event generation with Pythia 6.1},
 volume = {135},
 year = {2001},
% primaryclass = {hep-ph},
}

@article{Pythia8,
 author = {Sj{\"o}strand, T. and Mrenna, S. and Skands, P.},
 journal = {Comput. Phys. Commun.},
 pages = {852},
 title = {A brief introduction to PYTHIA 8.1},
 volume = {178},
 year = {2008},
 doi            = {10.1016/j.cpc.2008.01.036},
 eprint         = "0710.3820",
 archivePrefix  = "arXiv",
 primaryClass   = "hep-ph",
}
@article{Seymour:2013qka,
      author         = "Seymour, Michael H. and Siodmok, Andrzej",
      title          = "{Constraining MPI models using $\sigma_{eff}$ and recent
                        Tevatron and LHC Underlying Event data}",
      journal        = "JHEP",
      volume         = "10",
      year           = "2013",
      pages          = "113",
      doi            = "10.1007/JHEP10(2013)113",
      eprint         = "1307.5015",
      archivePrefix  = "arXiv",
      primaryClass   = "hep-ph",
      reportNumber   = "MAN-HEP-2013-14, MCNET-13-08",
      SLACcitation   = "%%CITATION = ARXIV:1307.5015;%%"
}
@article{Bahr:2008pv,
 archiveprefix = {arXiv},
 author = {Bahr, M. and others},
 doi = {10.1140/epjc/s10052-008-0798-9},
 eprint = {0803.0883},
 journal = {Eur.~Phys.~J.~C},
 pages = {639},
 primaryclass = {hep-ph},
 reportnumber = {CERN-PH-TH-2008-038, CAVENDISH-HEP-08-03, KA-TP-05-2008, DCPT-08-22, IPPP-08-11, CP3-08-05},
 slaccitation = {%%CITATION = ARXIV:0803.0883;%%},
 title = {Herwig++ physics and manual},
 volume = {58},
 year = {2008}
}
@article{ct10,
 archiveprefix = {arXiv},
 author = {Lai, H.-L. and others},
 doi = {10.1103/PhysRevD.82.074024},
 eprint = {1007.2241},
 journal = "Phys.~Rev.~D",
 pages = {074024},
 primaryclass = {hep-ph},
 title = {New parton distributions for collider physics},
 volume = {82},
 year = {2010}
}
@article{cteq6,
 archiveprefix = {arXiv},
 author = {Nadolsky, P. M. and others},
 doi = {10.1103/PhysRevD.78.013004},
 eprint = {0802.0007},
 journal = "Phys.~Rev.~D",
 pages = {013004},
 primaryclass = {hep-ph},
 title = {Implications of CTEQ global analysis for collider observables},
 volume = {78},
 year = {2008}
}
@article{cteq6l1,
 archiveprefix = {arXiv},
 author = { Pumplin, J. and Stump, D. R. and Huston, J. and Lai, H.-L. and Nadolsky, P. M. and Tung, W. K.},
 doi = {10.1088/1126-6708/2002/07/012},
 eprint = {hep-ph/0201195},
 journal = {JHEP},
 pages = {012},
 slaccitation = {%%CITATION = ARXIV:1105.0020;%%},
 title = {New Generation of Parton Distributions with Uncertainties from Global QCD Analysis},
 volume = {07},
 year = {2002}
% primaryclass = {hep-ph},
}
@article{perugia,
 archiveprefix = {arXiv},
 author = {Skands, P.},
 doi = {10.1103/PhysRevD.82.074018},
 eprint = {1005.3457},
 journal = {Phys.~Rev.~D},
 pages = {074018},
 primaryclass = {hep-ph},
 reportnumber = {MCNET-10-08, CERN-PH-TH-2010-113},
 slaccitation = {%%CITATION = ARXIV:1005.3457;%%},
 title = {Tuning Monte Carlo generators: The Perugia tunes},
 volume = {82},
 year = {2010}
}

@article{Harland-Lang:2014zoa,
      author         = "Harland-Lang, L. A. and Martin, A. D. and Motylinski, P.
                        and Thorne, R. S.",
      title          = "{Parton distributions in the LHC era: MMHT 2014 PDFs}",
      journal        = "Eur. Phys. J. C",
      volume         = "75",
      year           = "2015",
      pages          = "204",
      doi            = "10.1140/epjc/s10052-015-3397-6",
      eprint         = "1412.3989",
      archivePrefix  = "arXiv",
      primaryClass   = "hep-ph",
      reportNumber   = "LCTS-2014-47, IPPP-14-97, DCPT-14-194",
      SLACcitation   = "%%CITATION = ARXIV:1412.3989;%%"
}

@article{ATLASUETune0,
 collaboration = {ATLAS},
 note = {\href{https://cds.cern.ch/record/1474107}{https://cds.cern.ch/record/1474107}},
 report = {ATL-PHYS-PUB-2012-003},
 title = {Summary of ATLAS Pythia 8 tunes},
 year = {2012}
}

@article{ATLASUETune1,
 collaboration = {ATLAS},
 note = {\href{https://cds.cern.ch/record/1363300}{https://cds.cern.ch/record/1363300}},
 report = {ATL-PHYS-PUB-2011-009},
 title = {ATLAS tunes of \textsc{PYTHIA}6 and PYTHIA8 for MC11},
 year = {2011}
}
@article{ATLASUETune2,
 collaboration = {ATLAS},
 note = {\href{https://cds.cern.ch/record/1345343}{https://cds.cern.ch/record/1345343}},
 report = {ATL-PHYS-PUB-2011-008},
 title = {New ATLAS event generator tunes to 2010 data},
 year = {2011}
}
@article{ATLASUETune3,
 collaboration = {ATLAS},
 author = "{ATLAS Collaboration}",
 optnote = {\href{https://cds.cern.ch/record/1400677}{https://cds.cern.ch/record/1400677}},
 url = {https://cds.cern.ch/record/1400677},
 note = {ATL-PHYS-PUB-2011-014},
 title = {Further ATLAS tunes of \textsc{PYTHIA}6 and Pythia 8},
 year = {2011}
}


@Booklet{ATLASUETune4,
    author         = "{ATLAS Collaboration}",
    title          = "{ATLAS Run 1 Pythia8 tunes}",
    howpublished   = "{ATL-PHYS-PUB-2014-021}",
    url            = "https://cds.cern.ch/record/1966419",
    year           = "2014",
}

@article{geant4,
 author = {Agostinelli, S. and others},
 doi = {10.1016/S0168-9002(03)01368-8},
 journal = "Nucl.~Instrum.~Meth.~A",
 optnumber = {3},
 pages = {250},
 title = {Geant4: a simulation toolkit},
 volume = {506},
 year = {2003}
}
@article{Martin:2009iq,
 archiveprefix = {arXiv},
 author = {Martin, A.D. and Stirling, W. J. and Thorne, R. S. and Watt, G.},
 doi = {10.1140/epjc/s10052-009-1072-5},
 eprint = {0901.0002},
 journal = {Eur.~Phys.~J.~C},
 pages = {189},
 primaryclass = {hep-ph},
 reportnumber = {IPPP-08-95, DCPT-08-190, CAVENDISH-HEP-08-16},
 slaccitation = {%%CITATION = ARXIV:0901.0002;%%},
 title = {Parton distributions for the LHC},
 volume = {63},
 year = {2009}
}
@article{Lange:2001uf,
      author         = "Lange, D. J.",
      title          = "{The EvtGen particle decay simulation package}",
      booktitle      = "{Proceedings, 7th International Conference on B physics
                        at hadron machines (BEAUTY 2000)}",
      journal        = "Nucl.~Instrum.~Meth.~A",
      volume         = "462",
      year           = "2001",
      pages          = "152",
      doi            = "10.1016/S0168-9002(01)00089-4",
      SLACcitation   = "%%CITATION = NUIMA,A462,152;%%"
}
@article{Khachatryan:2014qaa,
 archiveprefix = {arXiv},
 collaboration = {CMS},
 doi = {10.1007/JHEP09(2014)087},
 eprint = {1408.1682},
 journal = {JHEP},
 optauthor = {Khachatryan, Vardan and others},
 author = "{CMS Collaboration}",
 pages = {087},
 primaryclass = {hep-ex},
 reportnumber = {CMS-HIG-13-029, CERN-PH-EP-2014-189},
 slaccitation = {%%CITATION = ARXIV:1408.1682;%%},
 title = {Search for the associated production of the Higgs boson
with a top-quark pair},
 volume = {09},
 year = {2014},
 erratum = {(erratum \href{http://dx.doi.org/10.1007/JHEP10(2014)106}{\textit{ibid} \textbf{1410} (2014), 106})}
}
@article{tthbb,
      title          = "{Search for the Standard Model Higgs boson produced in
                        association with top quarks and decaying into $b\bar{b}$
                        in pp collisions at $\sqrt{s}$ = 8 TeV with the ATLAS
                        detector}",
      collaboration  = "ATLAS",
      author         = "{ATLAS Collaboration}",
      year           = "2015",
      eprint         = "1503.05066",
      archivePrefix  = "arXiv",
      primaryClass   = "hep-ex",
      reportNumber   = "CERN-PH-EP-2015-047",
      journal        = "Eur.~Phys.~J.~C",
      volume = "75",
      pages = "349",
      doi            = "10.1140/epjc/s10052-015-3543-1",

}
@article{2014tthdiph,
 archiveprefix = {arXiv},
 author = "{ATLAS Collaboration}",
 eprint = {1409.3122},
 journal = {Phys. Lett. B},
 pages = {222},
 primaryclass = {hep-ex},
 title = {Search for $H\rightarrow \gamma \gamma$ produced in
association with top quarks and constraints on the Yukawa coupling between the top quark and the Higgs boson using data taken at 7 TeV and 8 TeV with the ATLAS detector},
 volume = {740},
 year = {2015},
 doi = {10.1016/j.physletb.2014.11.049}
}
@Article{asym,
   Author = {Cowan, Glen and Cranmer, Kyle and Gross, Eilam and Vitells, Ofer},
   Eprint = "1007.1727",
   Archiveprefix = {arXiv},
   Primaryclass = {physics.data-an},
   Journal = {Eur. Phys. J. C},
   Pages = {1554},
   doi = "10.1140/epjc/s10052-011-1554-0",
   Title = {{Asymptotic formulae for likelihood-based tests of new physics}},
   Volume = {71},
   Year = {2011},
   Addendum = "Erratum: \href{http://dx.doi.org/10.1140/epjc/s10052-013-2501-z}{Eur. Phys. J. C {\textbf{73}} (2013) 2501}"
}
@article{cls,
 author = {Read, A. L.},
 doi = {10.1088/0954-3899/28/10/313},
 journal = {J.~Phys.~G},
 pages = {2693},
 title = {Presentation of search results: The CL(s) technique},
 volume = {28},
 year = {2002}
}
@article{Khachatryan:2015ila,
      optauthor         = "Khachatryan, Vardan and others",
      author = "{CMS Collaboration}",
      title          = "{Search for a Standard Model Higgs Boson Produced in
                        Association with a Top-Quark Pair and Decaying to Bottom
                        Quarks Using a Matrix Element Method}",
      collaboration  = "CMS",
      journal        = "Eur.~Phys.~J.~C",
      volume         = "75",
      year           = "2015",
      number         = "6",
      pages          = "251",
      doi            = "10.1140/epjc/s10052-015-3454-1",
      eprint         = "1502.02485",
      archivePrefix  = "arXiv",
      primaryClass   = "hep-ex",
      reportNumber   = "CMS-HIG-14-010, CERN-PH-EP-2015-016",
      SLACcitation   = "%%CITATION = ARXIV:1502.02485;%%"
}
@article{ATLAS-CONF-2016-003,
      author = "{ATLAS Collaboration}",
      title         = "{Measurement of the $t\bar{t}Z$ and $t\bar{t}W$ production
                       cross sections in multilepton final states using 3.2
                       fb$^{-1}$ of $pp$ collisions at 13 TeV at the LHC}",
      institution   = "CERN",
      address       = "Geneva",
      number        = "ATLAS-CONF-2016-003",
      month         = "Mar",
      year          = "2016",
      note  = "ATLAS-CONF-2016-003",
      url           = "https://cds.cern.ch/record/2138947",
}
@article{Hesketh:2041288,
      author        = "{ATLAS Collaboration}",
      title         = "{Monte Carlo Generators for the Production of a $W$ or
                       $Z/\gamma^*$ Boson in Association with Jets at ATLAS in Run
                       2}",
      institution   = "CERN",
      address       = "Geneva",
      number        = "ATL-COM-PHYS-2015-832",
      month         = "Aug",
      year          = "2015",
      note  = "ATL-PHYS-PUB-2016-003",
      url           = "https://cds.cern.ch/record/2120133",
}
@article{Gutschow:2113154,
      author        = "{ATLAS Collaboration}",
      title         = "{Multi-Boson Simulation for 13 TeV ATLAS Analyses}",
      institution   = "CERN",
      address       = "Geneva",
      number        = "ATL-COM-PHYS-2015-1499",
      month         = "Dec",
      year          = "2015",
      note  = "ATL-PHYS-PUB-2016-002",
      url           = "https://cds.cern.ch/record/2119986",
}
@article{Nachman:2113056,
      author        = "{ATLAS Collaboration}",
      title         = "{Simulation of top quark production for the ATLAS
                       experiment at $\sqrt{s}$ = 13 TeV}",
      institution   = "CERN",
      address       = "Geneva",
      number        = "ATL-COM-PHYS-2015-1496",
      month         = "Dec",
      year          = "2015",
      note  = "ATL-PHYS-PUB-2016-004",
      url           = "https://cds.cern.ch/record/2120417",
}
@article{Mcfayden:2113264,
      author        = "{ATLAS Collaboration}",
      title         = "{Modelling of the $t\bar{t}H$ and $t\bar{t}V$ $(V=W,Z)$
                       processes for $\sqrt{s}$ = 13 TeV ATLAS analyses}",
      institution   = "CERN",
      address       = "Geneva",
      number        = "ATL-COM-PHYS-2015-1510",
      month         = "Dec",
      year          = "2015",
      note  = "ATL-PHYS-PUB-2016-005",
      url           = "https://cds.cern.ch/record/2120826",
}
@article{ATL-DAQ-PUB-2016-001,
      author = "{ATLAS Collaboration}",
      title         = "{2015 start-up trigger menu and initial performance
                       assessment of the ATLAS trigger using Run-2 data}",
      institution   = "CERN",
      address       = "Geneva",
      number        = "ATL-DAQ-PUB-2016-001",
      month         = "Mar",
      year          = "2016",
      note  = "ATL-DAQ-PUB-2016-001",
      url           = "https://cds.cern.ch/record/2136007",
}

@Article{Cacciari:2008gp,
     author    = "Cacciari, Matteo and Salam, Gavin P. and Soyez, Gregory",
     title     = "{The anti-$k_t$ jet clustering algorithm}",
     journal   = "JHEP",
     volume    = "04",
     year      = "2008",
     pages     = "063",
     eprint    = "0802.1189",
     archivePrefix = "arXiv",
     primaryClass  =  "hep-ph",
     doi       = "10.1088/1126-6708/2008/04/063",
     SLACcitation  = "%%CITATION = 0802.1189;%%"
}
@article{Cacciari:2011ma,
      author         = "Cacciari, Matteo and Salam, Gavin P. and Soyez, Gregory",
      title          = "{FastJet User Manual}",
      journal        = "Eur. Phys. J. C",
      volume         = "72",
      year           = "2012",
      pages          = "1896",
      doi            = "10.1140/epjc/s10052-012-1896-2",
      eprint         = "1111.6097",
      archivePrefix  = "arXiv",
      primaryClass   = "hep-ph",
      reportNumber   = "CERN-PH-TH-2011-297",
      SLACcitation   = "%%CITATION = ARXIV:1111.6097;%%"
}
@Article{Cacciari:2005hq,
     author    = "Cacciari, Matteo and Salam, Gavin P.",
     title     = "{Dispelling the $N^{3}$ myth for the $k_t$ jet-finder}",
     journal   = "Phys. Lett. B",
     volume    = "641",
     year      = "2006",
     pages     = "57-61",
     eprint    = "hep-ph/0512210",
     archivePrefix = "arXiv",
     doi       = "10.1016/j.physletb.2006.08.037",
     SLACcitation  = "%%CITATION = HEP-PH/0512210;%%"
}
@article{ATLAS-CONF-2015-029,
      author = "{ATLAS Collaboration}",
      title         = "{Selection of jets produced in 13 TeV proton-proton
                       collisions with the ATLAS detector}",
      institution   = "CERN",
      address       = "Geneva",
      number        = "ATLAS-CONF-2015-029",
      month         = "Jul",
      year          = "2015",
      note  = "ATLAS-CONF-2015-029",
      url           = "https://cds.cern.ch/record/2037702",
}
@Booklet{deFlorian:2016spz,
      author         = "de Florian, D. and others",
      title          = "{Handbook of LHC Higgs Cross Sections: 4. Deciphering the
                        Nature of the Higgs Sector}",
      collaboration  = "LHC Higgs Cross Section Working Group",
      doi            = "10.23731/CYRM-2017-002",
      year           = "2016",
      eprint         = "1610.07922",
      archivePrefix  = "arXiv",
      primaryClass   = "hep-ph",
      reportNumber   = "FERMILAB-FN-1025-T, CERN-2017-002-M",
      SLACcitation   = "%%CITATION = ARXIV:1610.07922;%%"
}

@article{ATL-PHYS-PUB-2015-015,
      author = "{ATLAS Collaboration}",
      title         = "{Jet Calibration and Systematic Uncertainties for Jets
                       Reconstructed in the ATLAS Detector at $\sqrt{s}$ = 13 TeV}",
      institution   = "CERN",
      address       = "Geneva",
      number        = "ATL-PHYS-PUB-2015-015",
      month         = "Jul",
      year          = "2015",
      note  = "ATL-PHYS-PUB-2015-015",
      url           = "https://cds.cern.ch/record/2037613",
}

@article{Dannheim2009717,
      author = "Dominik Dannheim and Alexander Voigt and Karl-Johan Grahn and Peter Speckmayer and Tancredi Carli",
      title = "PDE-Foam: A probability density estimation method using self-adapting phase-space binning",
      journal = "Nucl. Instrum. Meth. A",
      volume = "606",
      number = "3",
      pages = "717",
      year = "2009",
      eprint         = "0812.0922",
      archivePrefix  = "arXiv",
      primaryClass   = "physics",
      doi            = "10.1016/j.nima.2009.05.028",
}

@Article{PERF-2011-03,
    author         = "{ATLAS Collaboration}",
    title          = "{Jet energy measurement with the ATLAS detector in proton--proton collisions at $\sqrt{s}$ = 7 TeV}",
    journal        = "Eur. Phys. J. C",
    volume         = "73",
    year           = "2013",
    pages          = "2304",
    doi            = "10.1140/epjc/s10052-013-2304-2",
    reportNumber   = "CERN-PH-EP-2011-191",
    eprint         = "1112.6426",
    archivePrefix  = "arXiv",
    primaryClass   = "hep-ex",
}

@article{Campbell:2012dh,
      author         = "Campbell, John M. and Ellis, R. Keith",
      title          = "{$t \bar{t} W^{\pm}$ production and decay at NLO}",
      journal        = "JHEP",
      volume         = "07",
      year           = "2012",
      pages          = "052",
      doi            = "10.1007/JHEP07(2012)052",
      eprint         = "1204.5678",
      archivePrefix  = "arXiv",
      primaryClass   = "hep-ph",
      reportNumber   = "FERMILAB-PUB-12-109-T",
      SLACcitation   = "%%CITATION = ARXIV:1204.5678;%%"
}

@article{Frixione:2015zaa,
      author         = "Frixione, S. and Hirschi, V. and Pagani, D. and Shao, H.-S. and Zaro, M.",
      title          = "{Electroweak and QCD corrections to top-pair
                        hadroproduction in association with heavy bosons}",
      journal        = "JHEP",
      volume         = "06",
      year           = "2015",
      pages          = "184",
      doi            = "10.1007/JHEP06(2015)184",
      eprint         = "1504.03446",
      archivePrefix  = "arXiv",
      primaryClass   = "hep-ph",
      reportNumber   = "CERN-PH-TH-2015-083, CP3-15-10, LPN15-022,
                        SLAC-PUB-16253",
      SLACcitation   = "%%CITATION = ARXIV:1504.03446;%%"
}

@article{Sjostrand:2006za,
      author         = "Sj{\"o}strand, Torbjorn and Mrenna, Stephen and Skands, Peter
                        Z.",
      title          = "{PYTHIA 6.4 physics and manual}",
      journal        = "JHEP",
      volume         = "05",
      year           = "2006",
      pages          = "026",
      doi            = "10.1088/1126-6708/2006/05/026",
      eprint         = "hep-ph/0603175",
      archivePrefix  = "arXiv",
%      primaryClass   = "hep-ph",
      reportNumber   = "FERMILAB-PUB-06-052-CD-T, LU-TP-06-13",
      SLACcitation   = "%%CITATION = HEP-PH/0603175;%%"
}

@article{Sjostrand:2007gs,
      author         = "Sj{\"o}strand, Torbjorn and Mrenna, Stephen and Skands, Peter
                        Z.",
      title          = "{A brief introduction to PYTHIA 8.1}",
      journal        = "Comput. Phys. Commun.",
      volume         = "178",
      year           = "2008",
      pages          = "852",
      doi            = "10.1016/j.cpc.2008.01.036",
      eprint         = "0710.3820",
      archivePrefix  = "arXiv",
      primaryClass   = "hep-ph",
      reportNumber   = "CERN-LCGAPP-2007-04, LU-TP-07-28,
                        FERMILAB-PUB-07-512-CD-T",
      SLACcitation   = "%%CITATION = ARXIV:0710.3820;%%"
}

@article{Sjostrand:2014zea,
      author         = "Sj{\"o}strand, Torbjorn and Ask, Stefan and Christiansen,
                        Jesper R. and Corke, Richard and Desai, Nishita and Ilten,
                        Philip and Mrenna, Stephen and Prestel, Stefan and
                        Rasmussen, Christine O. and Skands, Peter Z.",
      title          = "{An Introduction to PYTHIA 8.2}",
      journal        = "Comput. Phys. Commun.",
      volume         = "191",
      year           = "2015",
      pages          = "159",
      doi            = "10.1016/j.cpc.2015.01.024",
      eprint         = "1410.3012",
      archivePrefix  = "arXiv",
      primaryClass   = "hep-ph",
      reportNumber   = "LU-TP-14-36, MCNET-14-22, CERN-PH-TH-2014-190,
                        FERMILAB-PUB-14-316-CD, DESY-14-178, SLAC-PUB-16122",
      SLACcitation   = "%%CITATION = ARXIV:1410.3012;%%"
}

@article{Cacciari:2011hy,
      author         = "Cacciari, Matteo and Czakon, Michal and Mangano,
                        Michelangelo and Mitov, Alexander and Nason, Paolo",
      title          = "{Top-pair production at hadron colliders with
                        next-to-next-to-leading logarithmic soft-gluon
                        resummation}",
      journal        = "Phys. Lett. B",
      volume         = "710",
      pages          = "612",
      doi            = "10.1016/j.physletb.2012.03.013",
      year           = "2012",
      eprint         = "1111.5869",
      archivePrefix  = "arXiv",
      primaryClass   = "hep-ph",
      reportNumber   = "CERN-PH-TH-2011-277, TTK-11-54",
      SLACcitation   = "%%CITATION = ARXIV:1111.5869;%%",
}

@article{Baernreuther:2012ws,
      author         = "B{\"a}rnreuther, Peter and Czakon, Michal and Mitov,
                        Alexander",
      title          = "{Percent-Level-Precision Physics at the Tevatron: Next-to-Next-to-Leading Order QCD Corrections to $q \bar{q} \to t \bar{t} + X$}",
      journal        = "Phys. Rev. Lett.",
      volume         = "109",
      pages          = "132001",
      doi            = "10.1103/PhysRevLett.109.132001",
      year           = "2012",
      eprint         = "1204.5201",
      archivePrefix  = "arXiv",
      primaryClass   = "hep-ph",
      reportNumber   = "CERN-PH-TH-2012-092",
      SLACcitation   = "%%CITATION = ARXIV:1204.5201;%%",
}

@article{Czakon:2012zr,
      author         = "Czakon, Michal and Mitov, Alexander",
      title          = "{NNLO corrections to top-pair production at hadron
                        colliders: the all-fermionic scattering channels}",
      journal        = "JHEP",
      volume         = "12",
      pages          = "054",
      doi            = "10.1007/JHEP12(2012)054",
      year           = "2012",
      eprint         = "1207.0236",
      archivePrefix  = "arXiv",
      primaryClass   = "hep-ph",
      reportNumber   = "CERN-PH-TH-2012-181",
      SLACcitation   = "%%CITATION = ARXIV:1207.0236;%%",
}

@article{Czakon:2012pz,
      author         = "Czakon, Michal and Mitov, Alexander",
      title          = "{NNLO corrections to top pair production at hadron
                        colliders: the quark-gluon reaction}",
      journal        = "JHEP",
      volume         = "01",
      pages          = "080",
      doi            = "10.1007/JHEP01(2013)080",
      year           = "2013",
      eprint         = "1210.6832",
      archivePrefix  = "arXiv",
      primaryClass   = "hep-ph",
      reportNumber   = "CERN-PH-TH-2012-286",
      SLACcitation   = "%%CITATION = ARXIV:1210.6832;%%",
}

@article{Czakon:2013goa,
      author         = "Czakon, Michal and Fiedler, Paul and Mitov, Alexander",
      title          = "{Total Top-Quark Pair-Production Cross Section at Hadron
                        Colliders Through $\mathcal{O} (\alpha_S^4)$}",
      journal        = "Phys. Rev. Lett.",
      volume         = "110",
      pages          = "252004",
      doi            = "10.1103/PhysRevLett.110.252004",
      year           = "2013",
      eprint         = "1303.6254",
      archivePrefix  = "arXiv",
      primaryClass   = "hep-ph",
      reportNumber   = "CERN-PH-TH-2013-056, TTK-13-08",
      SLACcitation   = "%%CITATION = ARXIV:1303.6254;%%",
}


@article{Aad:2016jkr,
      author         = "{ATLAS Collaboration}",
      title          = "{Muon reconstruction performance of the ATLAS detector in
                        proton–proton collision data at $\sqrt{s}$ = 13 TeV}",
      OPTcollaboration  = "ATLAS",
      journal        = "Eur.~Phys.~J.~C",
      volume         = "76",
      year           = "2016",
      number         = "5",
      pages          = "292",
      doi            = "10.1140/epjc/s10052-016-4120-y",
      eprint         = "1603.05598",
      archivePrefix  = "arXiv",
      primaryClass   = "hep-ex",
      reportNumber   = "CERN-EP-2016-033",
      SLACcitation   = "%%CITATION = ARXIV:1603.05598;%%"
}
Article{PERF-2015-10,
    author         = "{ATLAS Collaboration}",
    title          = "{Muon reconstruction performance of the ATLAS detector in proton--proton collision data at $\sqrt{s} = 13\;\mbox{TeV}$}",
    journal        = "Eur. Phys. J. C",
    volume         = "76",
    year           = "2016",
    pages          = "292",
    doi            = "10.1140/epjc/s10052-016-4120-y",
    reportNumber   = "CERN-EP-2016-033",
    eprint         = "1603.05598",
    archivePrefix  = "arXiv",
    primaryClass   = "hep-ex",
}
@article{Khachatryan:2016vau,
      author         = "{ATLAS and CMS Collaborations}",
      title          = "{Measurements of the Higgs boson production and decay
                        rates and constraints on its couplings from a combined
                        ATLAS and CMS analysis of the LHC $pp$ collision data at
                        $\sqrt{s}=$ 7 and 8 TeV}",
      collaboration  = "ATLAS, CMS",
      year           = "2016",
      eprint         = "1606.02266",
      archivePrefix  = "arXiv",
      primaryClass   = "hep-ex",
      reportNumber   = "CERN-EP-2016-100, ATLAS-HIGG-2015-07, CMS-HIG-15-002",
      SLACcitation   = "%%CITATION = ARXIV:1606.02266;%%"
}
@article{Beenakker:2001rj,
      author         = "Beenakker, W. and Dittmaier, S. and Kramer, M. and
                        Plumper, B. and Spira, M. and Zerwas, P. M.",
      title          = "{Higgs radiation off top quarks at the Tevatron and the
                        LHC}",
      journal        = "Phys.~Rev.~Lett.",
      volume         = "87",
      year           = "2001",
      pages          = "201805",
      doi            = "10.1103/PhysRevLett.87.201805",
      eprint         = "hep-ph/0107081",
      archivePrefix  = "arXiv",
%      primaryClass   = "hep-ph",
      reportNumber   = "DESY-01-077, EDINBURGH-2001-08, PSI-PR-01-10",
      SLACcitation   = "%%CITATION = HEP-PH/0107081;%%"
}
@article{Beenakker:2002nc,
      author         = "Beenakker, W. and Dittmaier, S. and Kramer, M. and
                        Plumper, B. and Spira, M. and Zerwas, P. M.",
      title          = "{NLO QCD corrections to $t\bar{t}H$ production in hadron
                        collisions}",
      journal        = "Nucl.~Phys.~B",
      volume         = "653",
      year           = "2003",
      pages          = "151",
      doi            = "10.1016/S0550-3213(03)00044-0",
      eprint         = "hep-ph/0211352",
      archivePrefix  = "arXiv",
%      primaryClass   = "hep-ph",
      reportNumber   = "DESY-02-177, EDINBURGH-2002-18, MPI-PHT-2002-70,
                        PSI-PR-02-22",
      SLACcitation   = "%%CITATION = HEP-PH/0211352;%%"
}
@article{Dawson:2002tg,
      author         = "Dawson, S. and Orr, L. H. and Reina, L. and Wackeroth,
                        D.",
      title          = "{Associated top quark Higgs boson production at the LHC}",
      journal        = "Phys.~Rev.~D",
      volume         = "67",
      year           = "2003",
      pages          = "071503",
      doi            = "10.1103/PhysRevD.67.071503",
      eprint         = "hep-ph/0211438",
      archivePrefix  = "arXiv",
%      primaryClass   = "hep-ph",
      reportNumber   = "BNL-HET-02-27A, FSU-HEP-2002-1115, UB-HET-02-09",
      SLACcitation   = "%%CITATION = HEP-PH/0211438;%%"
}
@article{Dawson:2003zu,
      author         = "Dawson, S. and Jackson, C. and Orr, L. H. and Reina, L.
                        and Wackeroth, D.",
      title          = "{Associated Higgs production with top quarks at the large
                        hadron collider: NLO QCD corrections}",
      journal        = "Phys.~Rev.~D",
      volume         = "68",
      year           = "2003",
      pages          = "034022",
      doi            = "10.1103/PhysRevD.68.034022",
      eprint         = "hep-ph/0305087",
      archivePrefix  = "arXiv",
%      primaryClass   = "hep-ph",
      reportNumber   = "BNL-HET-03-9, FSU-HEP-2003-0503, UB-HET-03-02",
      SLACcitation   = "%%CITATION = HEP-PH/0305087;%%"
}
@article{Yu:2014cka,
      author         = "Zhang, Yu and Ma, Wen-Gan and Zhang, Ren-You and Chen,
                        Chong and Guo, Lei",
      title          = "{QCD NLO and EW NLO corrections to $t\bar{t}H$ production
                        with top quark decays at hadron collider}",
      journal        = "Phys.~Lett.~B",
      volume         = "738",
      year           = "2014",
      pages          = "1",
      doi            = "10.1016/j.physletb.2014.09.022",
      eprint         = "1407.1110",
      archivePrefix  = "arXiv",
      primaryClass   = "hep-ph",
      SLACcitation   = "%%CITATION = ARXIV:1407.1110;%%"
}
@article{Frixione:2014qaa,
      author         = "Frixione, S. and Hirschi, V. and Pagani, D. and Shao, H.
                        S. and Zaro, M.",
      title          = "{Weak corrections to Higgs hadroproduction in association
                        with a top-quark pair}",
      journal        = "JHEP",
      volume         = "09",
      year           = "2014",
      pages          = "065",
      doi            = "10.1007/JHEP09(2014)065",
      eprint         = "1407.0823",
      archivePrefix  = "arXiv",
      primaryClass   = "hep-ph",
      reportNumber   = "CERN-PH-TH-2014-123, CP3-14-49",
      SLACcitation   = "%%CITATION = ARXIV:1407.0823;%%"
}
@misc{lumi8TeV,
 author = "{ATLAS Collaboration}",
 OPTtitle = {Luminosity determination in pp collisions at $\sqrt{s}$ = 8 TeV using the ATLAS detector at the LHC},
 OPTjournal = {to be submitted to Eur.~Phys.~J.~C},
 OPTyear = {},
 OPTkey = {},
 OPTvolume = {},
 OPTnumber = {},
 OPTpages = {},
 OPTmonth = {},
 note = {\textit{Luminosity determination in pp collisions at $\sqrt{s}$ = 8 TeV using the ATLAS detector at the LHC}, to be submitted to Eur.~Phys.~J.~C},
 OPTannote = {},
 OPTurl = {},
 OPTurldate = {},
 OPTlastchecked = {},
 OPTdoi = {},
 OPTisbn = {},
 OPTissn = {},
 OPTlocalfile = {},
 OPTabstract = {},
 OPTkeywords = {},
}
@article{Golonka:2005pn,
      author         = "Golonka, Piotr and Was, Zbigniew",
      title          = "{PHOTOS Monte Carlo: a precision tool for QED corrections
                        in $Z$ and $W$ decays}",
      journal        = "Eur. Phys. J. C",
      volume         = "45",
      year           = "2006",
      pages          = "97-107",
      doi            = "10.1140/epjc/s2005-02396-4",
      eprint         = "hep-ph/0506026",
      archivePrefix  = "arXiv",
%      primaryClass   = "hep-ph",
      reportNumber   = "IFJPAN-V-05-01, CERN-PH-TH-2005-091",
      SLACcitation   = "%%CITATION = HEP-PH/0506026;%%"
}
@Booklet{CERN-LHCC-2010-013,
     author       = "{ATLAS Collaboration}",
     title        = "ATLAS Insertable B-Layer Technical Design Report",
     howpublished = "ATLAS-TDR-19",
     year         = "2010",
     url          = "https://cds.cern.ch/record/1291633",
     addendum     = "{\textit{ATLAS Insertable B-Layer Technical Design Report Addendum}}, ATLAS-TDR-19-ADD-1, 2012, {\scriptsize{URL}}: \url{https://cds.cern.ch/record/1451888}",
}
@article{Electron2012,
    author         = "{ATLAS Collaboration}",
      title          = "{Electron efficiency measurements with the ATLAS detector using 2012 LHC proton-proton collision data}",
    journal        = "Submitted to Eur. Phys. J. C",
      collaboration  = "ATLAS",
      year           = "2016",
      eprint         = "1612.01456",
      archivePrefix  = "arXiv",
      primaryClass   = "hep-ex",
      reportNumber   = "CERN-EP-2016-262",
}
@Booklet{ATLAS-CONF-2015-002,
    author         = "{ATLAS Collaboration}",
    title          = "{Jet global sequential corrections with the ATLAS detector in proton--proton collisions at $\sqrt{s} = 8\;\mbox{TeV}$}",
    howpublished   = "{ATLAS-CONF-2015-002}",
    url            = "https://cds.cern.ch/record/2001682",
    year           = "2015",
}

@article{Aad:2008zzm,
      author         = "ATLAS Collaboration",
      title          = "{The ATLAS Experiment at the CERN Large Hadron Collider}",
      collaboration  = "ATLAS",
      journal        = "JINST",
      volume         = "3",
      year           = "2008",
      pages          = "S08003",
      doi            = "10.1088/1748-0221/3/08/S08003",
      SLACcitation   = "%%CITATION = JINST,3,S08003;%%"
}

@article{Chatrchyan:2008aa,
      author         = "CMS Collaboration",
      title          = "{The CMS Experiment at the CERN LHC}",
      collaboration  = "CMS",
      journal        = "JINST",
      volume         = "3",
      year           = "2008",
      pages          = "S08004",
      doi            = "10.1088/1748-0221/3/08/S08004",
      SLACcitation   = "%%CITATION = JINST,3,S08004;%%"
}

@article{Evans:2008zzb,
      author         = "Evans, Lyndon and Bryant, Philip",
      title          = "{LHC Machine}",
      journal        = "JINST",
      volume         = "3",
      year           = "2008",
      pages          = "S08001",
      doi            = "10.1088/1748-0221/3/08/S08001",
      SLACcitation   = "%%CITATION = JINST,3,S08001;%%"
}
@article{Weinberg:1967tq,
      author         = "Weinberg, Steven",
      title          = "{A Model of Leptons}",
      journal        = "Phys. Rev. Lett.",
      volume         = "19",
      year           = "1967",
      pages          = "1264-1266",
      doi            = "10.1103/PhysRevLett.19.1264",
      SLACcitation   = "%%CITATION = PRLTA,19,1264;%%"
}

@article{Nambu:1961tp,
      author         = "Nambu, Yoichiro and Jona-Lasinio, G.",
      title          = "{Dynamical Model of Elementary Particles Based on an
                        Analogy with Superconductivity. 1.}",
      journal        = "Phys. Rev.",
      volume         = "122",
      year           = "1961",
      pages          = "345-358",
      doi            = "10.1103/PhysRev.122.345",
      SLACcitation   = "%%CITATION = PHRVA,122,345;%%"
}

@article{Glashow:1961tr,
      author         = "Glashow, S. L.",
      title          = "{Partial Symmetries of Weak Interactions}",
      journal        = "Nucl. Phys.",
      volume         = "22",
      year           = "1961",
      pages          = "579-588",
      doi            = "10.1016/0029-5582(61)90469-2",
      SLACcitation   = "%%CITATION = NUPHA,22,579;%%"
}

@article{Salam:1968rm,
      author         = "Salam, Abdus",
      title          = "{Weak and Electromagnetic Interactions}",
      booktitle      = "{8th Nobel Symposium Lerum, Sweden, May 19-25, 1968}",
      journal        = "Conf. Proc.",
      volume         = "C680519",
      year           = "1968",
      pages          = "367-377",
      SLACcitation   = "%%CITATION = CONFP,C680519,367;%%"
}

@article{tHooft:1972tcz,
      author         = "Hooft, Gerard and Veltman, M. J. G.",
      title          = "{Regularization and Renormalization of Gauge Fields}",
      journal        = "Nucl. Phys. B",
      volume         = "44",
      year           = "1972",
      pages          = "189-213",
      doi            = "10.1016/0550-3213(72)90279-9",
      SLACcitation   = "%%CITATION = NUPHA,B44,189;%%"
}

@article{Englert:1964et,
      author         = "Englert, F. and Brout, R.",
      title          = "{Broken Symmetry and the Mass of Gauge Vector Mesons}",
      journal        = "Phys. Rev. Lett.",
      volume         = "13",
      year           = "1964",
      pages          = "321-323",
      doi            = "10.1103/PhysRevLett.13.321",
      SLACcitation   = "%%CITATION = PRLTA,13,321;%%"
}

@article{Higgs:1964pj,
      author         = "Higgs, Peter W.",
      title          = "{Broken Symmetries and the Masses of Gauge Bosons}",
      journal        = "Phys. Rev. Lett.",
      volume         = "13",
      year           = "1964",
      pages          = "508-509",
      doi            = "10.1103/PhysRevLett.13.508",
      SLACcitation   = "%%CITATION = PRLTA,13,508;%%"
}

@article{Higgs:1964pj,
      author         = "Higgs, Peter W.",
      title          = "{Broken Symmetries and the Masses of Gauge Bosons}",
      journal        = "Phys. Rev. Lett.",
      volume         = "13",
      year           = "1964",
      pages          = "508-509",
      doi            = "10.1103/PhysRevLett.13.508",
      SLACcitation   = "%%CITATION = PRLTA,13,508;%%"
}

@article{Guralnik:1964eu,
      author         = "Guralnik, G. S. and Hagen, C. R. and Kibble, T. W. B.",
      title          = "{Global Conservation Laws and Massless Particles}",
      journal        = "Phys. Rev. Lett.",
      volume         = "13",
      year           = "1964",
      pages          = "585-587",
      doi            = "10.1103/PhysRevLett.13.585",
      SLACcitation   = "%%CITATION = PRLTA,13,585;%%"
}

@article{Higgs:1966ev,
      author         = "Higgs, Peter W.",
      title          = "{Spontaneous Symmetry Breakdown without Massless Bosons}",
      journal        = "Phys. Rev.",
      volume         = "145",
      year           = "1966",
      pages          = "1156-1163",
      doi            = "10.1103/PhysRev.145.1156",
      SLACcitation   = "%%CITATION = PHRVA,145,1156;%%"
}

@article{Kibble:1967sv,
      author         = "Kibble, T. W. B.",
      title          = "{Symmetry Breaking in Non-Abelian Gauge Theories}",
      journal        = "Phys. Rev.",
      volume         = "155",
      year           = "1967",
      pages          = "1554-1561",
      doi            = "10.1103/PhysRev.155.1554",
      SLACcitation   = "%%CITATION = PHRVA,155,1554;%%"
}

@article{Khachatryan:2016vau,
      author         = "ATLAS and CMS Collaborations",
      title          = "{Measurements of the Higgs boson production and decay
                        rates and constraints on its couplings from a combined
                        ATLAS and CMS analysis of the LHC pp collision data at $
                        \sqrt{s}=7 $ and 8 TeV}",
      collaboration  = "ATLAS, CMS",
      journal        = "JHEP",
      volume         = "08",
      year           = "2016",
      pages          = "045",
      doi            = "10.1007/JHEP08(2016)045",
      eprint         = "1606.02266",
      archivePrefix  = "arXiv",
      primaryClass   = "hep-ex",
      reportNumber   = "CERN-EP-2016-100, ATLAS-HIGG-2015-07, CMS-HIG-15-002",
      SLACcitation   = "%%CITATION = ARXIV:1606.02266;%%"
}
%%%

@article{Aad:2015gba,
      author         = "ATLAS Collaboration",
      title          = "{Measurements of the Higgs boson production and decay
                        rates and coupling strengths using pp collision data at
                        $\sqrt{s}=7$ and 8 TeV in the ATLAS experiment}",
      collaboration  = "ATLAS",
      journal        = "Eur. Phys. J.",
      volume         = "C76",
      year           = "2016",
      number         = "1",
      pages          = "6",
      doi            = "10.1140/epjc/s10052-015-3769-y",
      eprint         = "1507.04548",
      archivePrefix  = "arXiv",
      primaryClass   = "hep-ex",
      reportNumber   = "CERN-PH-EP-2015-125",
      SLACcitation   = "%%CITATION = ARXIV:1507.04548;%%"
}

@article{Khachatryan:2014jba,
      author         = "CMS Collaboration",
      title          = "{Precise determination of the mass of the Higgs boson and
                        tests of compatibility of its couplings with the standard
                        model predictions using proton collisions at 7 and 8
                        $\,\text {TeV}$}",
      collaboration  = "CMS",
      journal        = "Eur. Phys. J.",
      volume         = "C75",
      year           = "2015",
      number         = "5",
      pages          = "212",
      doi            = "10.1140/epjc/s10052-015-3351-7",
      eprint         = "1412.8662",
      archivePrefix  = "arXiv",
      primaryClass   = "hep-ex",
      reportNumber   = "CMS-HIG-14-009, CERN-PH-EP-2014-288",
      SLACcitation   = "%%CITATION = ARXIV:1412.8662;%%"
}

@article{Chatrchyan:2012jja,
      author         = "CMS Collaboration",
      title          = "{Study of the Mass and Spin-Parity of the Higgs Boson
                        Candidate Via Its Decays to Z Boson Pairs}",
      collaboration  = "CMS",
      journal        = "Phys. Rev. Lett.",
      volume         = "110",
      year           = "2013",
      number         = "8",
      pages          = "081803",
      doi            = "10.1103/PhysRevLett.110.081803",
      eprint         = "1212.6639",
      archivePrefix  = "arXiv",
      primaryClass   = "hep-ex",
      reportNumber   = "CMS-HIG-12-041, CERN-PH-EP-2012-372",
      SLACcitation   = "%%CITATION = ARXIV:1212.6639;%%"
}

@article{Aad:2013xqa,
      author         = "ATLAS Collaboration",
      title          = "{Evidence for the spin-0 nature of the Higgs boson using
                        ATLAS data}",
      collaboration  = "ATLAS",
      journal        = "Phys. Lett.",
      volume         = "B726",
      year           = "2013",
      pages          = "120-144",
      doi            = "10.1016/j.physletb.2013.08.026",
      eprint         = "1307.1432",
      archivePrefix  = "arXiv",
      primaryClass   = "hep-ex",
      reportNumber   = "CERN-PH-EP-2013-102",
      SLACcitation   = "%%CITATION = ARXIV:1307.1432;%%"
}


@article{Khachatryan:2014kca,
      author         = "CMS Collaboration",
      title          = "{Constraints on the spin-parity and anomalous HVV
                        couplings of the Higgs boson in proton collisions at 7 and
                        8 TeV}",
      collaboration  = "CMS",
      journal        = "Phys. Rev.",
      volume         = "D92",
      year           = "2015",
      number         = "1",
      pages          = "012004",
      doi            = "10.1103/PhysRevD.92.012004",
      eprint         = "1411.3441",
      archivePrefix  = "arXiv",
      primaryClass   = "hep-ex",
      reportNumber   = "CMS-HIG-14-018, CERN-PH-EP-2014-265",
      SLACcitation   = "%%CITATION = ARXIV:1411.3441;%%"
}

@article{Aad:2015vsa,
      author         = "Aad, Georges and others",
      title          = "{Evidence for the Higgs-boson Yukawa coupling to tau
                        leptons with the ATLAS detector}",
      collaboration  = "ATLAS",
      journal        = "JHEP",
      volume         = "04",
      year           = "2015",
      pages          = "117",
      doi            = "10.1007/JHEP04(2015)117",
      eprint         = "1501.04943",
      archivePrefix  = "arXiv",
      primaryClass   = "hep-ex",
      reportNumber   = "CERN-PH-EP-2014-262",
      SLACcitation   = "%%CITATION = ARXIV:1501.04943;%%"
}

@article{Chatrchyan:2014nva,
      author         = "Chatrchyan, Serguei and others",
      title          = "{Evidence for the 125 GeV Higgs boson decaying to a pair
                        of $\tau$ leptons}",
      collaboration  = "CMS",
      journal        = "JHEP",
      volume         = "05",
      year           = "2014",
      pages          = "104",
      doi            = "10.1007/JHEP05(2014)104",
      eprint         = "1401.5041",
      archivePrefix  = "arXiv",
      primaryClass   = "hep-ex",
      reportNumber   = "CMS-HIG-13-004, CERN-PH-EP-2014-001",
      SLACcitation   = "%%CITATION = ARXIV:1401.5041;%%"
}

%%%
@article{Aad:2014lma,
      author         = "Aad, Georges and others",
      title          = "{Search for $H \to \gamma\gamma$ produced in association
                        with top quarks and constraints on the Yukawa coupling
                        between the top quark and the Higgs boson using data taken
                        at 7 TeV and 8 TeV with the ATLAS detector}",
      collaboration  = "ATLAS",
      journal        = "Phys. Lett.",
      volume         = "B740",
      year           = "2015",
      pages          = "222-242",
      doi            = "10.1016/j.physletb.2014.11.049",
      eprint         = "1409.3122",
      archivePrefix  = "arXiv",
      primaryClass   = "hep-ex",
      reportNumber   = "CERN-PH-EP-2014-179",
      SLACcitation   = "%%CITATION = ARXIV:1409.3122;%%"
}

@article{Aad:2015gra,
      author         = "Aad, Georges and others",
      title          = "{Search for the Standard Model Higgs boson produced in
                        association with top quarks and decaying into $b\bar{b}$
                        in pp collisions at $\sqrt{s}$ = 8 TeV with the ATLAS
                        detector}",
      collaboration  = "ATLAS",
      journal        = "Eur. Phys. J.",
      volume         = "C75",
      year           = "2015",
      number         = "7",
      pages          = "349",
      doi            = "10.1140/epjc/s10052-015-3543-1",
      eprint         = "1503.05066",
      archivePrefix  = "arXiv",
      primaryClass   = "hep-ex",
      reportNumber   = "CERN-PH-EP-2015-047",
      SLACcitation   = "%%CITATION = ARXIV:1503.05066;%%"
}

@article{Aad:2015iha,
      author         = "Aad, Georges and others",
      title          = "{Search for the associated production of the Higgs boson
                        with a top quark pair in multilepton final states with the
                        ATLAS detector}",
      collaboration  = "ATLAS",
      journal        = "Phys. Lett.",
      volume         = "B749",
      year           = "2015",
      pages          = "519-541",
      doi            = "10.1016/j.physletb.2015.07.079",
      eprint         = "1506.05988",
      archivePrefix  = "arXiv",
      primaryClass   = "hep-ex",
      reportNumber   = "CERN-PH-EP-2015-109",
      SLACcitation   = "%%CITATION = ARXIV:1506.05988;%%"
}

@article{Chatrchyan:2013yea,
      author         = "Chatrchyan, Serguei and others",
      title          = "{Search for the standard model Higgs boson produced in
                        association with a top-quark pair in pp collisions at the
                        LHC}",
      collaboration  = "CMS",
      journal        = "JHEP",
      volume         = "05",
      year           = "2013",
      pages          = "145",
      doi            = "10.1007/JHEP05(2013)145",
      eprint         = "1303.0763",
      archivePrefix  = "arXiv",
      primaryClass   = "hep-ex",
      reportNumber   = "CMS-HIG-12-035, CERN-PH-EP-2013-027",
      SLACcitation   = "%%CITATION = ARXIV:1303.0763;%%"
}

@article{Khachatryan:2014qaa,
      author         = "Khachatryan, Vardan and others",
      title          = "{Search for the associated production of the Higgs boson
                        with a top-quark pair}",
      collaboration  = "CMS",
      journal        = "JHEP",
      volume         = "09",
      year           = "2014",
      pages          = "087",
      doi            = "10.1007/JHEP09(2014)087, 10.1007/JHEP10(2014)106",
      note           = "[Erratum: JHEP10,106(2014)]",
      eprint         = "1408.1682",
      archivePrefix  = "arXiv",
      primaryClass   = "hep-ex",
      reportNumber   = "CMS-HIG-13-029, CERN-PH-EP-2014-189",
      SLACcitation   = "%%CITATION = ARXIV:1408.1682;%%"
}

@Article{PERF-2016-04,
    author         = "{ATLAS Collaboration}",
    title          = "{Jet energy scale measurements and their systematic uncertainties in proton-proton collisions at $\sqrt{s} = 13\;\mbox{TeV}$ with the ATLAS detector }",
    journal        = "Phys. Rev. D",
    volume         = "96",
    year           = "2017",
    pages          = "072002",
    doi            = "10.1103/PhysRevD.96.072002",
    reportNumber   = "CERN-EP-2017-038",
    eprint         = "1703.09665",
    archivePrefix  = "arXiv",
    primaryClass   = "hep-ex",
}

@Booklet{ATLAS-CONF-2017-029,
    author         = "{ATLAS Collaboration}",
    title          = "{Measurement of the tau lepton reconstruction and identification performance in the ATLAS experiment using $pp$ collisions at $\sqrt{s} = 13\;\mbox{TeV}$}",
    howpublished   = "{ATLAS-CONF-2017-029}",
    url            = "https://cds.cern.ch/record/2261772",
    year           = "2017",
}

@Article{PERF-2014-07-2,
    author         = "{ATLAS Collaboration}",
    title          = "{Topological cell clustering in the ATLAS calorimeters and its performance in LHC Run 1}",
    year           = "2016",
    reportNumber   = "CERN-PH-EP-2015-304",
    eprint         = "1603.02934",
    archivePrefix  = "arXiv",
    primaryClass   = "hep-ex",
      journal        = "Eur. Phys. J. C",
      volume         = "77",
      year           = "2017",
      number         = "7",
      doi            = "10.1140/epjc/s10052-017-5004-5",
}

@Article{PERF-2014-03-2,
    author         = "{ATLAS Collaboration}",
    title          = "{Performance of pile-up mitigation techniques for jets in $pp$ collisions at $\sqrt{s} = 8\;\mbox{TeV}$ using the ATLAS detector}",
    journal        = "Eur. Phys. J. C",
    volume         = "76",
    year           = "2016",
    pages          = "581",
    doi            = "10.1140/epjc/s10052-016-4395-z",
    reportNumber   = "CERN-PH-EP-2015-206",
    eprint         = "1510.03823",
    archivePrefix  = "arXiv",
    primaryClass   = "hep-ex",
}

@article{Dror:2015nkp,
      author         = "Dror, Jeff Asaf and Farina, Marco and Salvioni, Ennio and
                        Serra, Javi",
      title          = "{Strong tW Scattering at the LHC}",
      journal        = "JHEP",
      volume         = "01",
      year           = "2016",
      pages          = "071",
      doi            = "10.1007/JHEP01(2016)071",
      eprint         = "1511.03674",
      archivePrefix  = "arXiv",
      primaryClass   = "hep-ph",
      reportNumber   = "CERN-PH-TH-2015-265",
      SLACcitation   = "%%CITATION = ARXIV:1511.03674;%%"
}

@article{Bylund:2016phk,
      author         = "Bessidskaia Bylund, Olga and Maltoni, Fabio and Tsinikos,
                        Ioannis and Vryonidou, Eleni and Zhang, Cen",
      title          = "{Probing top quark neutral couplings in the Standard
                        Model Effective Field Theory at NLO in QCD}",
      journal        = "JHEP",
      volume         = "05",
      year           = "2016",
      pages          = "052",
      doi            = "10.1007/JHEP05(2016)052",
      eprint         = "1601.08193",
      archivePrefix  = "arXiv",
      primaryClass   = "hep-ph",
      reportNumber   = "CP3-16-03, MCNET-16-03",
      SLACcitation   = "%%CITATION = ARXIV:1601.08193;%%"
}
